4306 6278
127 601 233 682 cebet
251 599 354 680 uobis
373 600 468 706 quod
485 598 615 704 etiquis
633 601 795 681 Venetus
812 623 970 709 pauper,
982 624 1050 686 nec
1070 597 1164 679 eiius
1182 597 1226 677 in.
1240 619 1365 700 regno·
1373 603 1500 677 nostro
1516 583 1732 691 vexaretur,

126 729 164 799 et
181 717 434 803 mandavimus
452 741 519 823 per,
536 720 651 797 totum
671 725 837 798 nostrum
856 743 1021 824 reguum,
1045 717 1139 823 quod
1157 714 1279 798 nullus
1291 741 1346 796 err
1362 713 1497 803 nostris
1515 712 1729 817 officialibus

128 836 269 931 eudeet‘
289 861 429 932 rexere
453 828 618 943 aliquem,
630 838 811 936 Venetam
823 921 824 925 Ν
837 863 1039 946 pauperem
1056 862 1125 919 nec
1145 837 1280 929 atium,
1299 846 1338 917 et
1356 836 1387 915 si
1405 843 1536 918 contra
1554 841 1729 941 precepta

127 963 254 1034 nostre
273 954 557 1060 attemptaverit,
577 954 825 1060 punietur..¹
893 972 901 1031 ³
944 1000 951 1013 =
1020 984 1026 992 ’
1251 977 1263 1026 ’.
1348 1000 1391 1025 υ
1436 1032 1440 1039 ,
1501 980 1505 987 ·
1680 1024 1687 1040 ,

228 1062 339 1164 item,
358 1071 464 1182 petiit
478 1073 616 1162 anobis
632 1062 1137 1182 prefatusambexetorquod
1150 1083 1375 1157 mercatores
1389 1072 1522 1157 Veneti
1535 1099 1620 1152 oum
1633 1094 1733 1151 eme·

130 1192 219 1271 bant
237 1190 324 1272 Sisii
342 1191 455 1270 vettn
475 1192 556 1271 eliis
575 1193 782 1279 civitatibus
803 1194 918 1277 nostri
934 1195 1051 1299 regni,
1078 1194 1195 1300 peliis,
1224 1219 1346 1287 corea,
1373 1193 1452 1273 sire
1470 1201 1598 1283 setam,
1615 1213 1736 1302 coge·

128 1310 264 1389 bantur
282 1310 423 1389 solvere
441 1309 630 1389 dreturem
648 1313 744 1417 quod
763 1321 846 1392 erat
862 1322 993 1392 contre
1010 1311 1398 1419 eorum'prisilcgium,
1419 1319 1458 1390 et
1470 1310 1566 1416 quod
1579 1307 1734 1416 amplias

129 1455 202 1509 non
221 1429 399 1508 deberent
418 1431 560 1510 solvere
579 1431 692 1510 tatem
705 1432 923 1512 ‘dreturemx
938 1433 1077 1514 Nostra
1092 1431 1282 1538 responsio
1300 1441 1357 1510 est
1384 1432 1480 1537 quod
1505 1437 1733 1509 mercatores

130 1548 262 1629 Veneti
280 1548 318 1626 in
338 1551 616 1645 emendoteiie,
630 1579 702 1631 non
716 1551 875 1658 debeant
888 1553 1024 1659 aliquid
1037 1551 1126 1631 detii
1137 1552 1295 1643 solvere,
1316 1551 1381 1631 sed
1395 1559 1613 1630 remaneant
1630 1549 1730 1628 iren·

130 1667 200 1761 cbi,
220 1675 329 1775 prout
341 1669 385 1759 ‚in
402 1695 529 1749 eorum
547 1669 738 1778 privilegio
757 1671 976 1752 continetur:
1043 1748 1048 1754 .

237 1789 341 1879 item,
362 1788 467 1894 petiit
486 1787 627 1870 anobis
646 1790 809 1894 prefatus
827 1789 1047 1869 aurbaaator-
1059 1789 1153 1893 quod
1171 1816 1253 1868 cum
1271 1797 1499 1868 mercatores
1517 1786 1651 1870 Veneti
1670 1809 1732 1867 ve·

123 1907 282 1988 aiebant
300 1907 471 2013 dyetium
490 1917 528 1987 et
543 1908 728 1988 hebebant
739 1910 1041 1996 ‘muitesmerceb
1056 1906 1102 1986 ed
1115 1906 1394 2012 discerpendum
1414 1914 1452 1987 et
1469 1933 1542 1986 non
1564 1912 1735 2012 poterant

131 2027 352 2130 diseargare,
378 2026 449 2106 nisi
468 2027 640 2132 inportu,
669 2026 899 2107 redundebet
916 2026 969 2107 eis
987 2027 1033 2105 ed
1051 2025 1252 2104 maximum
1274 2025 1445 2105 damnum
1462 2034 1502 2106 et
1519 2024 1733 2131 periculum,

128 2154 169 2228 et
185 2144 281 2253 quod
299 2144 478 2258 deberent
494 2145 635 2234 habere·
649 2146 838 2232 licentiam
856 2145 1088 2250 discerpendi
1104 2145 1143 2223 in
1155 2146 1284 2252 spiam,
1300 2171 1370 2250 que
1385 2155 1538 2227 vocetur
1555 2144 1735 2225 innostra

129 2261 416 2366 tinguebant
444 2263 582 2344 Nostra
603 2265 793 2371 responsio
819 2274 877 2346 est
902 2264 999 2372 quod
1024 2290 1151 2344 omnes
1178 2272 1404 2345 mercatores
1423 2263 1556 2346 Veneti
1576 2262 1737 2347 debeant

131 2380 305 2489 deinceps
324 2381 533 2489 discargere
551 2410 780 2464 ornnes-sues
798 2411 943 2470 merces
960 2384 999 2463 in
1015 2384 1199 2479 Jalonem,
1226 2384 1330 2464 salve
1347 2392 1541 2490 argentum
1559 2382 1657 2491 quod
1675 2409 1736 2475 vo·

132 2501 252 2581 lamus
271 2501 367 2606 quod
384 2501 419 2579 in
436 2510 549 2608 ¹portu
568 2502 851 2607 discergeretur.
1327 2519 1329 2523 ’
1440 2586 1444 2603 ,
1488 2521 1521 2531 ··
1568 2551 1571 2556 ·
1808 2514 1810 2518 '

238 2620 344 2712 item,
364 2619 469 2725 petiit
484 2648 506 2698 e
524 2621 627 2701 nobis
643 2623 811 2728 prefatus
838 2622 1057 2703 embaxator
1075 2621 1179 2727 >quod
1194 2610 1332 2702 'omnes
1359 2632 1585 2705 mercatores
1603 2624 1736 2706 Veneti

130 2739 269 2846 possint
282 2738 338 2818 ire
351 2747 393 2832 et
400 2739 528 2820 venire
547 2741 661 2838 libere
674 2767 741 2848 per
754 2739 910 2846 regnum
927 2751 1104 2836 nostram,
1123 2742 1360 2823 Taurisium?
1376 2754 1415 2824 ct
1427 2745 1588 2837 tnscmt
1601 2744 1737 2849 absque

132 2859 252 2964 aliqsro
269 2858 467 2948 obstaculo.
480 2860 624 2941 Nostra
641 2861 832 2967 responsio
859 2862 1034 2967 est-quod
1051 2868 1177 2943 omnes
1189 2863 1328 2953 ,Veneti
1346 2871 1572 2964 mercatores
1588 2858 1739 2945 valeant

130 2975 246 3058 libere
263 2968 318 3058 ire
336 2977 375 3057 in
393 2978 576 3058 Torisium
594 3006 663 3095 per
680 2969 843 3086 reguum
854 2989 1024 3065 nostrum
1037 2990 1077 3062 et
1094 2976 1228 3075 insem,
1241 2974 1415 3089 tempore
1433 3007 1505 3091 quo
1522 3009 1608 3070 oum
1625 2983 1738 3063 Sars·

133 3095 638 3204 oenishabebimuspaoemr
713 3182 730 3193 ,,
859 3171 863 3178 .
1008 3170 1010 3175 ,
1070 3168 1075 3178 .
1160 3122 1163 3128 ·
1582 3128 1587 3136 ·
1656 3205 1657 3208 Ν

134 3243 138 3250 ·
193 3215 196 3219 ’
236 3216 342 3308 item,
361 3217 672 3311 recommendavit
689 3217 801 3297 nobis
825 3217 991 3326 preietus
1017 3218 1437 3304 ambexatordominum
1460 3220 1653 3301 Nicolaum
1679 3247 1739 3301 er·
1833 3221 1834 3225 ‘

132 3336 383 3418 chidiaconnm
402 3337 635 3433 Tarsensem,
648 3363 722 3444 pro
739 3336 997 3445 pertexpreiuti
1015 3337 1153 3419 domini
1177 3338 1292 3419 dacis.
1319 3338 1457 3418 Nostra
1476 3338 1666 3446 responsio
1684 3347 1740 3420 est
1803 3418 1806 3423 ,

133 3455 230 3561 quod
256 3457 345 3537 satis
372 3464 430 3536 est
454 3456 558 3537 nobis
585 3454 908 3552 recommendatus
929 3456 1117 3565 predictus
1144 3457 1311 3544 dominus
1343 3456 1621 3547 archidiaconus
1643 3456 1738 3539 Tur·-

135 3599 265 3655 sensrs.
411 3621 414 3627 1
529 3641 533 3651 .
1039 3622 1042 3626 Δ
1288 3605 1291 3611 ·

173 3710 193 3769 f
241 3691 341 3774 item>
353 3694 461 3801 petiit
477 3724 499 3774 a
516 3694 620 3774 nobis
644 3648 808 3801 prefatus
836 3651 1001 3790 dominus
1020 3677 1245 3787 miserator,
1264 3646 1331 3800 pro
1347 3705 1455 3802 parte
1474 3694 1610 3777 domini
1637 3645 1739 3788 ducis

130 3821 172 3891 et
189 3812 659 3906 communistensttarum,
669 3839 793 3932 unum
808 3839 1003 3894 mesenum
1020 3813 1115 3921 quod
1126 3817 1236 3920 juxta
1254 3813 1474 3926 simiterium
1492 3816 1625 3895 suum⁸
1641 3827 1734 3907 crat,

134 3930 230 4037 qnod
248 3952 441 4012 mesenum
454 3929 671 4026 intendebat
687 3959 824 4040 ponere
851 3932 889 4012 in
904 3943 1175 4039 augumentum
1202 3932 1259 4014 sui
1286 3930 1470 4016 simiterii.‘
1493 3931 1631 4021 Nostra
1662 3961 1742 4028 res·

180 4285 324 4364 iSeion,
340 4289 433 4356 Arrb.
454 4289 915 4374 misene,·cenmemor.-
959 4277 1144 4378 apparteneit
1168 4278 1224 4356 eux
1245 4287 1440 4355 biusuimeos.
1463 4286 1570 4376 Je'sup
1610 4310 1642 4353 se
1666 4288 1742 4355 done

134 4375 179 4442 Le
198 4374 286 4467 plage
308 4375 347 4442 de
370 4375 457 4443 delon
472 4401 510 4444 on
524 4375 616 4445 Salon
630 4393 677 4444 est
691 4400 759 4444 sans
770 4380 863 4445 doute
887 4377 914 4443 ie
958 4378 1030 4466 qa'ii
1045 4379 1135 4468 s'egit
1147 4378 1187 4443 tei
1202 4378 1241 4449 de
1256 4377 1284 4443 is
1300 4377 1399 4468 Syrie,
1414 4376 1465 4465 qai
1480 4377 1553 4458 eber
1580 4400 1613 4443 es
1626 4376 1742 4443 Arabes

135 4465 238 4553 rivago
254 4465 291 4530 de
309 4466 336 4530 is
351 4489 416 4530 mer
430 4467 514 4533 situe'·
534 4466 680 4548 ,ii’ouest'
692 4466 808 4543 d’traa
828 4481 915 4532 entre
947 4467 1099 4558 's'epp‘eiie
1137 4461 1238 4583 tffl'
1255 4489 1348 4592 ssu
1375 4457 1743 4555 s‘psysdeGb'emade

136 4553 164 4619 ie
179 4554 305 4641 cheteus
320 4554 358 4620 de
374 4568 453 4620 terre
469 4569 499 4621 'et
515 4556 544 4620 ie
561 4570 629 4621 tour
643 4557 681 4621 de
696 4554 840 4630 soliman,
864 4555 917 4620 dd-
963 4554 1088 4644 nom-‚dc
1100 4556 1205 4622 dasem
1219 4578 1257 4621 ou
1272 4561 1305 4622 in
1322 4541 1458 4631 seam
1470 4576 1506 4620 'se
1516 4568 1625 4621 moure
1639 4577 1692 4646 prs
1702 4552 1742 4621 du

135 4640 211 4708 crite
225 4641 299 4708 dans
314 4643 543 4734 notre‘Voyups
558 4668 597 4710 es
612 4645 723 4722 cetere,
739 4669 789 4735 pp.
805 4644 880 4716 tut.
962 4660 1041 4712 reste
1057 4644 1133 4710 daos
1150 4644 1177 4710 ie
1193 4644 1259 4710 lists
1274 4643 1328 4710 des
1343 4647 1515 4732 e'tapesqoe
1527 4642 1573 4709 les
1584 4665 1742 4710 ceramum

127 4719 140 4780 Ἴ
180 4729 337 4809 muris,
352 4755 390 4796 cn
405 4728 507 4801 Perse.
531 4732 774 4810 Les'ceraveues,
798 4743 917 4822 parteut
962 4732 1096 4801 ieiseient
1112 4730 1742 4836 poureenirde'l'aurisibejm0;iis’en

134 4818 174 4884 de
191 4819 317 4908 bojano
333 4844 407 4910 pour
423 4821 542 4900 Tauris,
558 4823 756 4913 emportaieut
770 4823 845 4889 dans
856 4838 918 4888 oet·
961 4824 1021 4889 suit
1035 4822 1111 4888 dono
1126 4846 1184 4910 quc
1195 4835 1274 4902 setta
1289 4826 1410 4892 coerces
1427 4822 1501 4888 e'teit
1513 4825 1613 4888 sctue’e
1624 4819 1695 4886 ison
1705 4821 1744 4886 dc

135 4922 167 4974 te
183 4907 252 4975 viiie
267 4907 420 5001 beaucoup
432 4910 472 4979 de
487 4910 710 4979 membsadises
721 4912 917 4998 conitienucs,
963 4910 1220 4978 i'Asiessbiineuress-
1230 4907 1312 4978 Nous
1329 4910 1446 4976 a'osons
1462 4926 1515 4999 pas
1528 4930 1743 4997 supposerque

138 5011 168 5060 et
183 4995 322 5065 iaisaient
337 4998 381 5063 ies
396 5015 521 5068 retours.
776 5043 789 5049 ·‹
864 5026 868 5034 ·
962 5000 991 5065 ie
1007 5001 1122 5066 version
1137 5000 1252 5076 luscus,
1262 5000 1358 5065 melre
1374 4995 1541 5065 i’scsus'stii
1550 4997 1686 5077 Indiam,
1700 4997 1743 5063 si·

182 5085 257 5151 ete
271 5087 348 5172 crois
362 5088 433 5175 'qn'ii
450 5087 511 5154 saut
527 5088 581 5154 iire
596 5094 629 5159 is
646 5088 727 5157 Sorte
742 5088 870 5178 D‘epre's
888 5088 916 5154 ie
961 5093 1026 5156 tere
1079 5088 1266 5191 rlecopistc
1281 5087 1320 5153 de
1335 5083 1489 5176 l’sctcuni
1506 5109 1579 5152 noas
1593 5086 1713 5177 occupo.

138 5177 264 5262 repense
276 5177 316 5243 du
331 5177 376 5242 roi
397 5177 448 5264 qai
465 5177 546 5244 sicat
561 5181 658 5265 apres,
674 5202 711 5246 on
723 5196 732 5246 J
749 5195 799 5245 eut
823 5178 919 5245 croire
945 5253 948 5259 ¹
972 5196 976 5205 ·
1008 5113 1077 5245 bii
1109 5192 1222 5258 termo
1235 5175 1287 5269 qui
1304 5175 1434 5248 toacbeit
1460 5198 1498 5243 su
1519 5176 1675 5246 eimotidro
1689 5179 1747 5244 .νὲ-

139 5287 196 5352 que
219 5265 247 5330 ie
263 5288 408 5356 paysqac
425 5266 453 5332 ie
468 5264 626 5332 re'dseteur
643 5291 662 5334 s
678 5204 765 5335 vocis
779 5267 920 5359 designer
965 5262 1073 5334 nitis'rti·
1162 5302 1166 5309 ·
1397 5305 1399 5308 ·
1587 5276 1591 5281 '
