4306 6278
264 597 473 681 damoiselle
492 596 620 678 Femie
637 595 713 677 doit
729 622 818 676 aver
836 591 881 677 de
900 595 1036 700 doayre
1055 594 1181 701 oiijm.
1201 596 1334 678 besam
1349 597 1559 679 sarrazinas
1572 599 1712 680 valiant
1724 625 1771 681 en
1791 602 1867 686 telu

265 718 325 826 qui
338 720 373 798 le
387 718 458 798 soit
470 717 587 824 payee
602 741 650 795 en
665 723 765 796 terre
779 717 800 796 d
816 740 864 794 en
877 723 996 808 rente,
1010 715 1142 824 par'tel
1155 725 1287 796 covent
1299 717 1362 823 qui
1373 718 1482 797 notre
1492 717 1566 799 lilie
1576 719 1789 811 damoiselle
1800 722 1868 802 na-

264 839 336 919 mio
357 847 469 916 avant
486 835 560 916 dite
580 861 671 915 aura
689 860 757 916 son
771 834 912 941 doayre
925 833 1194 943 lranohement,
1213 864 1299 919 amns
1312 861 1441 945 omage
1460 840 1481 920 e
1499 866 1584 920 sans
1599 850 1725 945 estage
1745 843 1765 922 ὁ
1784 870 1869 925 sans
1934 908 1939 929 ,

264 958 404 1039 serviae
432 959 452 1036 ὁ
481 982 568 1036 sans
585 957 671 1036 nula
690 956 896 1049 destranee,
923 955 945 1036 d
972 954 1092 1060 qu'ale
1111 954 1234 1062 puisse
1253 965 1353 1037 ester
1378 956 1452 1038 ldo
1474 958 1533 1059 ale
1556 958 1670 1039 vodra
1701 946 1870 1063 sran'ohe-

264 1085 377 1171 ment,
411 1078 431 1156 e'
450 1075 569 1181 qu'ale
586 1101 659 1155 non
678 1075 748 1156 soit
765 1074 1032 1156 tenued’autre
1051 1073 1194 1155 serviae
1207 1100 1247 1154 se
1262 1101 1336 1154 non
1354 1077 1400 1156 de
1416 1084 1493 1157 tres
1521 1077 1736 1173 chevaliers,
1751 1082 1871 1161 assur

264 1212 460 1277 soanmns
474 1193 552 1274 lars
569 1193 992 1303 privllvgessaydldde
1008 1192 1116 1299 sayel
1132 1193 1181 1274 de
1204 1188 1378 1300 plumae
1408 1192 1454 1274 de
1481 1194 1557 1275 oire
1572 1189 1632 1304 de
1656 1196 1793 1277 l'avar'rt
1818 1194 1872 1278 dit

266 1315 340 1394 sire
358 1312 484 1393 Julian
502 1313 532 1393 e‘
558 1313 605 1395 de
622 1315 759 1395 l'avant
776 1312 978 1397 atelano
995 1307 1199 1418 Margarita
1218 1312 1239 1393 e
1257 1312 1363 1395 desa
1380 1312 1455 1393 filie
1473 1313 1495 1394 e
1513 1312 1560 1394 de
1576 1336 1653 1401 aon
1677 1339 1826 1421 serorge
1846 1312 1867 1396 e'

263 1437 426 1515 d’autres
445 1434 506 1541 qui
523 1460 633 1515 saura
649 1436 676 1514 li
694 1444 771 1517 tres
790 1433 938 1540 religios
955 1428 1108 1514 maistre
1132 1431 1179 1511 de
1203 1429 1240 1513 la
1258 1431 1375 1513 sainte
1402 1430 1564 1513 maisson
1583 1433 1629 1514 de
1646 1434 1804 1541 l’ospital
1822 1434 1868 1514 de

266 1553 362 1635 saint
381 1551 550 1645 Johanst
531 1578 552 1631 e
570 1552 594 1631 li
610 1554 736 1659 gentil·
732 1563 847 1635 eante
867 1553 911 1633 de
929 1552 1014 1632 Jaso
1030 1559 1144 1631 avant
1161 1548 1242 1631 dit.¹
1254 1550 1416 1630 Sauront
1429 1550 1491 1656 qui
1508 1560 1641 1632 nerunt
1659 1552 1868 1658 profitables

211 1713 213 1716 ·
263 1700 331 1780 par
356 1673 492 1751 l'avant
518 1672 625 1752 motis
643 1697 928 1766 eonvenansees,
958 1672 979 1751 d
1006 1697 1060 1752 oe
1075 1675 1162 1781 sant
1179 1695 1246 1751 nos
1261 1669 1438 1752 fornes
1419 1699 1440 1754 e
1460 1671 1619 1752 estables
1643 1673 1784 1770 lettres,
1807 1674 1869 1778 qui

264 1794 377 1899 quant
388 1789 419 1868 il
439 1797 575 1871 aurunt
590 1772 729 1901 oompti
737 1785 794 1872 les
812 1795 924 1877 avant
940 1782 1040 1877 dites
1053 1792 1339 1883 eonvenansees,
1354 1815 1389 1868 aa
1377 1788 1535 1891 'nerunt
1551 1791 1734 1899 eomplis
1722 1818 1803 1873 auor
1793 1791 1867 1873 de

263 1936 331 2019 par
344 1935 410 1988 nos
425 1936 510 1989 sans
524 1899 609 1992 nale
624 1908 864 2005 demorante,
884 1937 905 1990 e
894 1885 978 1990 les
996 1933 1107 2011 noces
1124 1905 1284 2015 quantil
1289 1906 1324 1986 le
1337 1906 1526 1990 vodrunt
1513 1938 1535 1988 a
1551 1911 1589 1989 la
1602 1910 1729 2009 Sainte
1744 1911 1863 2006 crux,

263 2030 285 2108 ὀ
304 2054 351 2114 en
370 2029 415 2111 li.
434 2010 467 2109 Ε
487 2053 613 2135 porse
615 2028 692 2134 qvai
711 2037 832 2111 testes
850 2028 982 2111 lettres
1010 2027 1140 2111 soient
1155 2025 1328 2108 termes
1304 2056 1331 2109 e
1350 2029 1521 2123 estables
1548 2031 1599 2111 oi
1609 2058 1742 2113 avuns
1757 2033 1872 2113 asarit

264 2148 401 2291 l'esorit
418 2146 464 2227 de
481 2155 606 2282 nostre
624 2146 728 2227 main
743 2146 934 2229 vermoil
915 2172 936 2228 e
954 2146 1080 2253 sayeld
1098 2149 1144 2229 de
1160 2155 1287 2230 nostre
1305 2174 1403 2295 aean
1414 2149 1590 2257 pendant.
1712 2208 1716 2216 .
1767 2164 1770 2171 '
1838 2220 1843 2230 .

278 2389 281 2395 ·
352 2347 356 2356 ’
422 2531 424 2535 t
524 2346 1158 2548 sessoremque&
1296 2356 1309 2368 ’

279 2738 294 2803 l
314 2734 482 2833 fldtboom,
493 2739 538 2805 roi
554 2736 610 2822 des¹
625 2692 963 2833 drmdniens.-Celtd
978 2700 1187 2853 signdtuiada
1202 2745 1247 2815 roi
1263 2744 1338 2813 e'talt
1352 2749 1453 2835 troada
1467 2768 1504 2812 en
1519 2744 1640 2812 cinalm
1654 2767 1705 2812 sar
1720 2745 1876 2836 lorigiaal.
1909 2832 1912 2839 r

822 2918 826 2926 .
1038 2903 1256 2981 “⁸st
1346 2914 1391 2948 ,.

868 3015 911 3039 .-
995 3022 1003 3034 2
1147 2990 1202 3066 sa
1305 2996 1349 3043 ·.

1148 3098 1227 3171 aa

1213 3216 1251 3288 αἱ
1320 3303 1322 3307 Α
1516 3252 1573 3269 ,Ι

1199 3325 1281 3427 ,ι
1364 3330 1369 3346 ⁴
