4306 6248
466 478 537 563 tlt

403 622 450 701 ab
468 620 522 702 eis
540 623 722 705 collatam.
749 626 868 722 Unde,
888 630 954 710 triti
974 630 1113 737 Ogerio
1129 632 1175 712 de
1195 629 1299 712 Palla
1311 633 1339 728 ¹,
1355 628 1427 713 civi
1445 626 1631 739 lennensi,
1648 654 1716 737 pro
1727 637 1836 737 parte
1850 629 2012 711 lennen-

404 739 499 822 sium
518 751 605 822 ante
622 744 763 848 regiam
782 752 1011 856 majestatem
1031 760 1070 833 et
1086 752 1250 859 regiam¹
1270 750 1411 833 curiam
1428 775 1548 830 msam
1567 746 1742 842 venienti,
1760 756 1799 829 et
1816 747 2013 856 requiren-

402 860 444 957 ti,
468 887 644 957 amorem,
677 862 854 948 honorem
882 877 921 949 et
936 870 1145 953 libertatem
1172 871 1212 952 in
1229 892 1345 975 regno
1371 894 1465 963 meo,
1492 866 1587 950 dono
1607 875 1647 948 et
1661 865 1834 962 concedo,
1853 891 2012 948 assensn

401 981 537 1088 regalis
563 980 667 1063 curie
695 989 814 1080 mee‘,
840 987 1049 1071 lsssertatem
1068 1017 1136 1099 per
1161 998 1300 1072 terram
1328 992 1374 1067 et'
1391 1008 1460 1095 per
1486 1012 1592 1067 mare
1614 984 1725 1067 eundi
1751 993 1790 1066 et
1816 983 2010 1080 redeundi,

401 1098 588 1182 vendendi
606 1108 645 1179 et
662 1105 819 1198 emendi,
847 1105 1011 1188 intrandi
1027 1108 1066 1187 in
1083 1117 1229 1216 portum
1248 1115 1286 1188 et
1303 1104 1462 1187 exeundi
1489 1106 1534 1185 de
1552 1113 1674 1212 portu.
1702 1101 1875 1187 Concedo
1891 1103 2009 1183 etiam

404 1226 447 1304 et
461 1217 543 1298 volo
560 1228 602 1299 nt
619 1246 747 1302 omnes
768 1224 981 1320 lanuenses,
1000 1253 1084 1306 cnm
1102 1227 1213 1307 rebus
1227 1234 1265 1307 et
1276 1224 1524 1305 mercimoniis
1542 1224 1630 1319 suis,
1644 1250 1712 1332 per
1725 1232 1842 1306 mom
1854 1245 2013 1329 regnum

402 1364 540 1429 meum,
571 1336 611 1416 in
637 1339 857 1448 civitatibus,
884 1346 1076 1440 casalibus,
1103 1347 1142 1425 in
1168 1343 1268 1426 omni
1293 1351 1396 1424 terra
1424 1368 1528 1436 mea,
1557 1342 1775 1451 quommodo
1800 1340 1941 1435 habeo,
1972 1346 2015 1420 et

403 1482 526 1567 quam,
555 1457 637 1538 Deo
656 1459 862 1555 ausiliante,
890 1463 1136 1570 acquisiturus
1155 1491 1247 1558 sum,
1276 1464 1368 1546 etin
1385 1461 1485 1544 omni
1504 1472 1607 1543 terra
1628 1463 1809 1544 baronum
1831 1486 2013 1555 meorum,

404 1575 479 1656 sint
496 1576 588 1655 salvi
606 1586 644 1657 et
663 1581 785 1659 securi
804 1580 851 1661 ab
869 1583 1035 1664 omnibns
1052 1583 1259 1665 hominibus
1277 1583 1338 1691 qni
1356 1592 1442 1663 sunt
1460 1591 1498 1663 et
1518 1583 1578 1690 qni
1597 1590 1707 1664 erunt
1723 1581 1801 1663 auh
1828 1589 2013 1690 potestate

404 1704 445 1776 et
462 1693 620 1776 doninio
638 1724 739 1793 me0;
760 1709 846 1779 eant
863 1711 899 1781 et
917 1700 1084 1796 redeant
1102 1703 1263 1785 vendant
1281 1712 1319 1783 et
1336 1711 1473 1797 emant,
1500 1703 1629 1796 libere,
1649 1701 1785 1809 quiete,
1812 1700 1893 1787 sine
1910 1700 2014 1782 omni

404 1814 667 1897 contrarietate
696 1812 734 1897 et
759 1821 927 1913 servicio,
955 1821 1036 1904 sine
1063 1823 1160 1903 omni
1188 1822 1362 1917 drictura,
1392 1822 1472 1903 sine
1499 1821 1596 1903 omni
1614 1830 1725 1930 pactu
1752 1830 1791 1904 et
1816 1821 1897 1904 aine
1914 1822 2017 1905 omni

404 1933 609 2028 exactione,
629 1954 696 2015 sen
714 1940 867 2044 angaria
884 1939 1012 2020 tributi
1029 1941 1243 2046 vetigalis‘..
1260 1940 1431 2022 Concedo
1449 1942 1600 2049 insuper
1618 1950 1656 2023 et
1673 1941 1767 2035 volo,
1786 1948 1829 2020 nt
1846 1939 2014 2022 sinams

401 2054 645 2135 laonensium
672 2056 710 2134 in
735 2057 903 2140 litoribus
934 2060 1019 2166 (sic)
1049 2062 1154 2165 regni
1173 2059 1244 2140 mei
1272 2083 1416 2168 quoquo
1432 2059 1540 2141 modo
1561 2056 1764 2167 periclitari
1790 2058 1850 2140 vel
1879 2058 2015 2164 frangi,

408 2173 504 2278 qnod
522 2173 628 2266 absit,
649 2175 880 2280 contingerit,
908 2205 1075 2287 corpora,
1101 2207 1162 2287 res
1181 2189 1219 2260 et
1236 2178 1473 2262 mercimonia
1495 2205 1621 2260 eorum
1641 2178 1715 2263 sint
1732 2178 1835 2260 salva
1852 2185 1891 2259 et
1907 2203 2017 2258 seeu-

408 2318 451 2371 ra
470 2291 516 2370 ab
534 2292 701 2373 omnibns
718 2293 923 2379 hominibus
942 2297 1002 2405 qni
1020 2308 1106 2381 sunt
1122 2307 1160 2378 et
1177 2297 1238 2405 qni
1256 2308 1366 2389 erunt
1393 2297 1459 2378 suh
1476 2306 1656 2406 potestate
1675 2307 1713 2378 et
1730 2296 1889 2378 dominio
1905 2322 1991 2377 meo
2000 2327 2013 2392 ;

406 2420 445 2492 et
459 2410 505 2492 ad
519 2412 726 2494 Januenses
746 2415 900 2497 redeant
911 2417 1186 2526 proprietatem,
1201 2416 1280 2498 sine
1292 2418 1391 2497 omrai
1405 2416 1596 2498 occasione
1615 2425 1653 2497 et
1667 2414 1942 2498 contrarietate.
1961 2417 2013 2497 Et

406 2532 437 2613 si
456 2532 548 2613 torto
568 2532 778 2614 constiterit
797 2563 910 2616 naves
930 2537 1083 2617 aliarum
1096 2536 1260 2641 gentium
1277 2536 1315 2615 in
1333 2537 1514 2621 littoribus
1533 2536 1638 2641 regni
1652 2537 1724 2617 mei
1740 2534 1858 2642 frangi
1872 2535 1931 2617 vel
1950 2561 2016 2644 pe·

404 2651 570 2744 riclitari,
587 2651 625 2732 in
643 2653 772 2758 qnilm
791 2654 921 2761 aliquus
940 2653 1133 2737 londensis
1151 2683 1234 2736 com
1253 2655 1498 2738 mercimoniis
1516 2657 1591 2738 sois
1608 2656 1729 2749 tuear,
1744 2681 1806 2736 res
1824 2662 1863 2735 ot
1880 2655 2015 2736 merci·

407 2771 528 2855 monia
548 2797 618 2877 quc
636 2770 814 2876 legittime
829 2773 906 2855 lore
919 2803 996 2868 sun,
1016 2801 1081 2854 sen
1100 2775 1335 2856 laonensium
1354 2776 1509 2884 probare
1528 2774 1673 2883 poterit,
1692 2773 1766 2855 sint
1780 2772 1882 2854 salva
1900 2781 1940 2853 et
1957 2796 2017 2854 se·

406 2915 507 2981 cnra,
528 2896 565 2966 et
583 2888 630 2967 ad
648 2917 753 2969 snam
771 2891 926 2974 rcdeant
941 2892 1216 3002 proprietatem,
1243 2893 1323 2976 sine
1341 2895 1439 2977 omni
1456 2890 1646 2981 occasione
1664 2902 1712 2976 'et
1738 2892 2017 2976 contrarietate.

406 3005 516 3087 Dono
533 3005 645 3112 igitur
662 3002 698 3088 e't
716 3010 877 3092 concedo
899 3011 1441 3121 {aulensibusfraquirenubas
1454 3016 1493 3096 in
1508 3015 1624 3122 regali
1637 3015 1791 3098 civitate
1803 3040 1887 3097 moa
1900 3013 1975 3097 Sisi
1985 3015 2014 3108 ⁸,

409 3122 551 3207 terram
570 3134 607 3206 et
624 3127 742 3208 locum
762 3127 809 3213 ad
826 3122 1080 3212 edifficandam
1098 3131 1294 3213 ecclesiam
1308 3144 1346 3215 et
1359 3134 1566 3219 laciendum
1583 3132 1761 3217 sundum⁸
1780 3141 1818 3214 et
1835 3131 1963 3215 domos
1975 3142 2018 3214 ct

409 3244 574 3346 enriam3
593 3255 631 3327 el
643 3247 682 3326 in
697 3247 844 3330 civitate
864 3247 1061 3330 llamista'
1079 3251 1275 3333 ecclesiam
1289 3262 1548 3346 constructam,
1563 3252 1684 3335 locum
1698 3261 1736 3335 et
1750 3261 1891 3336 terram
1904 3252 1952 3334 ad
1964 3251 2017 3334 lo·

453 3543 470 3609 1
487 3539 590 3610 Pallio.
606 3543 728 3613 Notices
742 3560 771 3612 ct
786 3553 911 3615 extruite
927 3550 979 3615 des
993 3567 1066 3615 msc.
1239 3549 1350 3624 cilice,
1377 3571 1427 3637 pg.
1449 3546 1511 3615 381
1542 3562 1573 3613 ct
1598 3545 1671 3614 sair.
1702 3544 1751 3614 Ua
1775 3532 1927 3643 voyapcm
1945 3543 2020 3629 alle-

452 3633 475 3699 2
491 3634 632 3720 regalem.
648 3637 772 3704 Notices
788 3653 817 3704 et
831 3642 957 3705 extruite
972 3633 1024 3703 det
1038 3660 1113 3704 msc.
1138 3668 1143 3679 ·
1237 3637 1337 3713 mand,
1354 3638 1507 3726 qni-visito
1523 3636 1574 3703 Sis
1584 3661 1623 3703 en
1636 3637 1733 3713 l2ll,
1744 3637 1909 3792 i'l'dppquc
1920 3635 1961 3700 dn
1972 3635 2019 3701 roi

445 3721 474 3793 ,5
491 3719 533 3783 La
551 3721 741 3790 llantc-Coor
755 3728 866 3816 royule,
887 3727 959 3793 dtait
975 3728 1003 3794 la
1018 3749 1089 3792 conr
1108 3723 1190 3792 delo
1238 3727 1318 3793 Lc'oo
1336 3726 1372 3795 11.
1396 3726 1440 3792 dit
1456 3751 1518 3816 que
1529 3742 1608 3792 rctte
1632 3726 1700 3792 ville
1716 3728 1789 3793 duit
1850 3724 1964 3791 cbette
1982 3730 2022 3793 et

410 3808 546 3874 rtoltlrsse
562 3833 598 3873 on
615 3812 667 3875 des
684 3813 798 3881 baroos.
830 3816 939 3881 C'c'tait
964 3816 990 3878 la
1016 3816 1081 3903 plns
1100 3816 1191 3882 hante
1276 3841 1291 3879 e
1310 3816 1336 3880 le
1352 3815 1394 3880 roi
1410 3841 1429 3904 y
1446 3815 1523 3880 avait
1543 3815 1593 3880 soit
1607 3814 1778 3967 plantoriis
1795 3813 1888 3882 bennit
1901 3811 2020 3901 jardins

406 3895 579 3985 juridiction
601 3899 641 3963 do
664 3925 816 3989 royaume,
838 3925 889 3969 car
912 3905 969 3971 elle
985 3929 1017 3969 se
1033 3903 1191 3970 reanimait
1233 3841 1439 4053 {ivittebrand
1464 3903 1604 3971 d’Oldem
1626 3928 1710 3996 onrg,
1733 3904 1848 3980 ltindr,
1873 3902 1949 3971 dans
1974 3901 2020 3970 let

407 4011 479 4061 sous
492 3987 519 4052 la
532 3987 705 4075 presidence
716 3991 755 4055 dn
769 3994 822 4069 roi,
839 4017 909 4082 pour
926 3995 1032 4059 traiter
1049 3994 1090 4060 los
1101 4016 1190 4082 ques·
1259 3994 1387 4072 υμμίκτα
1402 3993 1440 4059 de
1456 3992 1490 4060 L.
1509 3994 1659 4083 Allatios).
1892 3992 1896 4003 ⁴
1975 4022 1981 4029 ·

411 4076 489 4144 tioos
505 4075 548 4143 les
564 4077 630 4166 plus
653 4078 848 4167 imponantes
864 4082 901 4148 do
918 4083 945 4147 la
961 4082 1189 4171 jurisprudence
1278 4081 1475 4155 dlortdicom.
1492 4080 1561 4149 lt'ot
1574 4096 1688 4148 ctectr.
1701 4078 1945 4150 deame-la
1956 4092 2020 4147 rnot

410 4164 533 4242 le'odale,
558 4191 631 4257 popr
649 4167 739 4259 juger
763 4170 806 4236 les
820 4171 982 4239 ditioreods
1004 4173 1053 4258 qni
1077 4170 1190 4259 surgis·
1234 4169 1366 4258 [eodm
1382 4196 1418 4237 on
1431 4169 1592 4260 sandicum
1615 4187 1660 4236 ast
1684 4171 1712 4237 la
1735 4169 1903 4236 traductioo
1927 4168 2020 4263 latino

408 4257 505 4324 seiont
520 4273 607 4322 entre
623 4257 666 4324 les
681 4259 846 4347 seigneurs,
863 4278 892 4326 et
908 4263 985 4327 aussi
1002 4285 1074 4349 pour
1093 4260 1192 4326 discn-
1236 4260 1277 4324 dn
1292 4282 1364 4347 grec
1379 4262 1552 4343 πανδοχεῖον,
1576 4260 1637 4347 qui,
1658 4261 1732 4328 dam
1756 4259 1782 4324 la
1802 4256 2020 4347 hagaeum-ube

410 4363 458 4412 ter
471 4347 513 4414 les
526 4349 642 4414 oll'aircs
659 4349 797 4416 relatives
811 4351 862 4416 ila
873 4351 1015 4439 potitique
1026 4349 1193 4417 exter-ieme
1237 4365 1268 4414 et
1283 4347 1311 4413 la
1327 4349 1454 4431 franceis
1471 4346 1511 4414 dn
1527 4357 1716 4438 moyen-dgc,
1731 4350 1805 4416 erait
1820 4347 1937 4414 dcvenn
1951 4347 2022 4436 [on-

411 4450 440 4500 et
464 4453 679 4543 au'xnrapports
691 4439 767 4542 arec
783 4440 826 4515 los
841 4443 998 4593 etranpcrs
1025 4439 1134 4507 etablis
1156 4461 1194 4504 en
1238 4439 1327 4540 douc,
1342 4461 1414 4504 cvec
1430 4439 1457 4503 la
1472 4437 1670 4546 signification
1681 4437 1851 4540 d'rntrrpdt
1862 4458 2023 4550 namega-

412 4524 915 4692 littttmltttttlt,
931 4528 1195 4706 ,tlttftf'lt
1238 4525 1621 4706 tltltltlttttt‘*
1637 4548 1715 4592 '⁰⁸⁸¹
1732 4528 1749 4590 ³
1765 4550 1799 4593 ‘⁰
1814 4549 1872 4615 ‘¹⁰⁰
1888 4524 1948 4590 ¹⁰⁰
1967 4547 2023 4615 ⁸¹*

413 4704 565 4765 stitutione
581 4701 617 4768 de
633 4703 718 4769 leon
734 4703 779 4778 11,
797 4729 845 4793 pg.
862 4643 913 4771 it.
1286 4710 1306 4773 7
1322 4699 1460 4770 llamista
1477 4727 1514 4768 on
1530 4703 1696 4781 lllamistrr,
1718 4718 1764 4769 cst
1780 4702 1841 4791 l’po
1857 4701 1911 4768 des
1934 4723 2024 4774 notas

458 4788 479 4852 lt
495 4790 657 4878 vectigalis.
675 4793 773 4859 Notic.
791 4807 818 4859 et
833 4807 906 4859 extr.
923 4795 975 4860 des
988 4815 1062 4859 msc.
1238 4814 1299 4882 qno
1314 4792 1580 4880 lcs'chrooiqoeurs
1601 4793 1689 4858 latins
1703 4790 1756 4858 des
1769 4788 1930 4871 croisades
1947 4787 2026 4855 don·

459 4879 478 4943 1
496 4879 557 4954 Sis,
571 4903 608 4944 en
624 4882 777 4947 arme'nien
795 4888 879 4967 upa,
906 4883 1031 4973 capitale
1046 4880 1084 4947 de
1099 4880 1128 4948 la
1142 4879 1194 4948 Ci-
1240 4898 1311 4947 nent
1327 4885 1344 4945 d
1360 4881 1501 4994 l’aotipne
1516 4880 1694 4972 Mopsueste,
1714 4879 1786 4946 vilic
1808 4880 1904 4946 situm
1917 4900 1970 4945 snt·
1993 4878 2026 4947 l'e

414 4966 482 5034 licie
496 4991 565 5035 sons
581 4969 623 5034 les
639 4971 699 5036 rois
713 4971 752 5037 de
768 4972 794 5037 la
808 4972 946 5062 dynastia
968 4970 1194 5125 Roope'niennc,
1239 4970 1379 5059 Pyramo,
1405 4973 1422 5033 l
1445 4971 1510 5035 lest
1526 4968 1682 5045 dedam,-
1697 4968 1757 5035 Les
1773 4967 1954 5037 Armenieus
1968 4988 2027 5057 ap·

410 5058 557 5122 etritnne
574 5058 863 5127 villellorissantect
879 5061 949 5126 bion
965 5058 1032 5124 lorti
1054 5060 1194 5125 c'e.Le'on
1239 5059 1368 5148 pelaient
1391 5073 1469 5124 cette
1493 5057 1610 5125 localitti
1635 5058 1854 5142 {sulbar-pu
1875 5079 1913 5122 on
1938 5060 2026 5138 il*-

414 5141 441 5208 ll
458 5144 557 5211 l'avait
572 5147 711 5213 embellic
725 5165 756 5213 et
772 5154 935 5225 restaure'e,
948 5148 1083 5237 lorsqn’rl
1101 5173 1138 5215 ea
1161 5150 1195 5215 tit
1238 5149 1440 5232 habunda,
1467 5147 1535 5212 d’od
1552 5149 1595 5217 les
1611 5149 1726 5215 Arabes
1741 5160 1772 5213 et
1788 5147 1832 5213 les
1849 5145 1947 5211 'fures
1968 5159 2026 5211 ont

412 5255 447 5298 sa
462 5235 614 5300 residence
637 5261 675 5301 en
700 5240 795 5303 ll8tl.
819 5238 879 5304 nas
895 5240 994 5304 rnines
1009 5240 1047 5302 de
1063 5237 1112 5303 Sis
1127 5255 1195 5304 sont
1238 5235 1290 5301 isit
1318 5247 1456 5326 Q
1472 5253 1504 5302 ct
1670 5261 1724 5328 par
1738 5234 1927 5326 corruption3
1947 5233 2027 5302 c'c‘st

413 5320 543 5389 decrites
558 5349 611 5413 par
627 5325 654 5390 lc
671 5331 742 5417 pere
758 5327 888 5415 lndjidji,
910 5326 985 5392 dans
1006 5349 1038 5392 ss
1060 5325 1196 5416 Glopro·
1238 5347 1273 5393 eo
1287 5325 1407 5393 dernier
1419 5348 1488 5392 nom
1497 5318 1577 5414 qu'ei
1590 5341 1820 5413 eportoonooro
1831 5327 1995 5415 apresens

413 5411 494 5498 phie,
518 5411 555 5479 ’1.
572 5411 610 5492 ΙΙ,
632 5438 683 5506 pp.
697 5415 774 5493 561,
789 5429 820 5481 et
835 5418 910 5482 dans
924 5438 994 5481 mon
1015 5414 1048 5482 V
1046 5435 1142 5506 cynas
1157 5438 1196 5483 co
