4306 6248
417 633 640 727 civitatibus,
655 632 695 715 in
711 629 892 739 portibus,
911 628 949 708 in
967 627 1088 736 pont‘s
1108 629 1134 722 ¹,
1155 626 1266 710 eundi
1284 636 1323 708 et
1341 626 1520 708 redeundi
1537 653 1623 710 cum
1644 626 1869 738 quibuslibet
1893 629 2033 712 merci

418 756 564 849 moniis,
593 750 769 863 {intrandi
786 759 825 830 et
842 747 1005 830 exeundi
1022 774 1106 827 cnm
1124 746 1345 854 quibuslibet
1372 748 1668 860 mercimoniisl².
1697 753 1749 834 lit
1777 750 1941 832 babeant
1964 777 2034 860 po·

416 885 593 960 testatem
609 873 757 984 plenam
774 868 958 951 vendendi
976 877 1016 950 et
1034 866 1182 950 emendi
1209 867 1370 975 quelibet
1396 869 1634 952 mercimonia
1660 899 1740 982 per·
1754 880 1870 952 totam
1887 880 2031 954 terram

415 1022 550 1089 meam,
569 1003 608 1076 et
625 990 846 1074 extrahendi
863 988 910 1069 de
928 996 1006 1068 tota
1023 995 1126 1068 terra
1138 1013 1233 1082 mea,
1248 989 1361 1082 mac,
1376 1015 1519 1083 secura,
1533 991 1662 1086 libere,
1676 992 1813 1100 quiete,
1829 991 1912 1073 sine
1928 991 2047 1075 omui·

415 1116 579 1211 servitio,
608 1114 689 1196 sine
716 1112 815 1194 omni
841 1109 1018 1204 drictura,
1047 1109 1126 1190 sine
1145 1106 1244 1188 omni
1263 1108 1424 1215 angaria,
1451 1116 1490 1188 et
1507 1109 1611 1193 sine⁸
1630 1112 1730 1194 omni
1746 1111 1917 1222 passagio
1924 1097 2032 1213 3'ex·

415 1245 524 1345 cepto
542 1233 639 1342 qnod
656 1230 836 1325 Venetici,
866 1229 1075 1311 habitantes
1093 1252 1240 1333 semper
1256 1226 1294 1306 in
1312 1227 1519 1309 cismarinis
1536 1231 1714 1338 partibus,
1740 1242 1782 1314 'et
1804 1230 2031 1341 transierint

415 1380 486 1462 per
503 1351 741 1442 Portellaml,
760 1357 958 1429 teneantur
975 1347 1025 1426 ibi
1043 1345 1255 1454 persolvere
1272 1345 1487 1442 dricturam,
1504 1350 1600 1433 sicut
1617 1352 1767 1434 solitum
1779 1359 1838 1433 est
1850 1350 1898 1432 ab
1910 1351 2032 1432 οιιιιιί·

416 1473 488 1554 bus
503 1471 715 1554 christianis
733 1467 1011 1549 transeuntibus
1028 1477 1067 1547 et
1085 1465 1403 1547 retranseuntibns
1419 1468 1678 1574 persolvere⁸3
1698 1480 1738 1552 et
1755 1479 1911 1579 excepto
1928 1471 2031 1578 qaut

418 1620 546 1675 ornnes
564 1589 731 1672 l'enctici
748 1587 810 1694 qui
828 1585 1051 1667 adduxerint
1073 1612 1204 1665 nurum
1223 1593 1261 1663 et
1279 1592 1474 1689 argentum
1492 1595 1531 1666 et
1559 1587 1740 1670 bisancius
1760 1615 1828 1671 sen
1848 1597 2030 1684 monetas,

418 1711 531 1793 inde⁸
550 1708 707 1791 iecerint
724 1707 781 1786 rel
799 1705 941 1813 operati
960 1703 1096 1783 luerint
1121 1703 1159 1782 in
1177 1712 1279 1784 terra
1298 1729 1393 1796 mea,
1412 1703 1463 1783 bii
1482 1715 1679 1787 teneantur
1696 1708 1911 1815 persolvero
1929 1706 2032 1790 dric-

418 1840 553 1922 turam,
569 1829 664 1908 sicut
680 1825 919 1935 persolvunt²
938 1822 988 1901 bii
1007 1820 1067 1928 qui
1084 1820 1265 1902 bisancius
1284 1850 1349 1903 seu
1366 1832 1533 1904 monetas
1551 1836 1753 1932 operantur
1778 1825 1818 1905 in
1838 1828 2032 1910 dcconen·

417 1951 543 2032 aibus'
559 1947 737 2056 partibus.
764 1943 873 2040 Quod
892 1944 923 2022 si
939 1941 1122 2023 bisancios
1136 1968 1203 2022 seu
1215 1952 1382 2023 monetas
1399 1969 1472 2023 non
1490 1945 1632 2050 operati
1650 1945 1797 2040 tuerint,
1816 1945 2033 2028 nullatenus

416 2069 631 2178 pennivere
648 2066 852 2148 dricturam
868 2070 1079 2144 teneantur.
1108 2061 1284 2168 Corpora,
1315 2088 1378 2141 res
1394 2070 1433 2142 et
1450 2061 1690 2143 mercimonia
1706 2066 1934 2146 Venetorum
1954 2065 2032 2146 sint

421 2190 524 2269 salva
542 2195 581 2267 et
597 2210 731 2264 secura
748 2182 794 2262 ab
812 2180 980 2262 omnibus
996 2176 1203 2259 bominibus
1229 2182 1291 2286 qui
1308 2189 1396 2260 sunt
1412 2189 1450 2260 et
1469 2179 1530 2287 qui
1548 2192 1659 2263 ersmt
1686 2183 1754 2263 sub
1779 2193 1965 2292 potestate
1991 2193 2033 2268 et

422 2306 582 2388 dominio
600 2331 694 2384 meo.
722 2301 894 2382 &unedo
912 2298 1023 2380 etiam
1043 2307 1081 2378 et
1098 2292 1191 2389 volo,
1221 2306 1274 2390 nt,
1301 2297 1331 2378 si
1350 2299 1558 2404 quodlibet·
1585 2302 1784 2382 cassellum
1802 2304 2031 2386 Venetorum

419 2453 570 2535 passum
590 2423 701 2504 luerit
717 2420 962 2526 naufragium,
981 2416 1040 2498 vel
1059 2427 1251 2524 rupturam
1278 2417 1316 2496 in
1342 2427 1419 2498 toto
1435 2418 1560 2499 littore
1577 2420 1651 2500 mei
1670 2422 1787 2527 regni,
1816 2446 1947 2504 omnes
1963 2422 2031 2519 bii,

421 2547 482 2653 qni
501 2542 770 2625 sumserint'de
786 2539 951 2648 periculo
969 2539 1042 2631 illo,
1062 2537 1136 2616 sint
1154 2535 1246 2615 salvi
1265 2545 1304 2617 et
1319 2536 1453 2618 securi
1481 2538 1656 2645 Corpora,
1684 2565 1746 2620 ras
1773 2547 1812 2623 et
1831 2541 2032 2625 mercimo-

419 2664 483 2745 nia
500 2689 629 2744 eornm
647 2661 722 2740 sint
739 2658 843 2738 salva
861 2666 899 2736 et
917 2681 1048 2736 secura
1061 2663 1099 2736 et
1116 2652 1232 2735 libera
1250 2653 1297 2734 ab
1313 2656 1481 2735 omnibus
1494 2654 1711 2752 bominibus,
1731 2661 1791 2766 qai
1808 2668 1898 2740 sunt
1912 2669 1953 2741 et
1966 2662 2031 2768 qni

419 2791 531 2863 erunt
547 2782 618 2862 snb
634 2785 818 2887 potestate
837 2786 876 2857 et
892 2775 1051 2856 dominio
1069 2801 1163 2867 meo,
1182 2772 1250 2854 boc
1263 2775 1294 2816 ¹⁰
1312 2782 1479 2882 excepto,
1499 2773 1606 2881 quod,
1626 2775 1756 2883 dunis
1778 2776 1941 2875 intersit,
1966 2780 2030 2888 qm·

421 2901 560 2982 nonsit
576 2898 788 2990 l'encticus,
805 2894 917 3004 ipsius
935 2919 997 2974 res
1014 2919 1142 2975 omncs
1159 2893 1332 3000 potestati
1350 2893 1453 2974 curie
1469 2920 1553 2976 mec
1567 2893 1792 3004 subjaceant
1809 2899 1861 2979 Et
1878 2897 2033 2984 dnavis

421 3047 492 3104 sen
505 3017 686 3101 venedum
704 3015 859 3096 aliarum
878 3013 1042 3120 gentium
1060 3012 1267 3119 periclitata
1284 3011 1396 3093 luerit
1411 3013 1471 3093 rel
1489 3013 1610 3094 fracta
1625 3015 1666 3095 in
1684 3024 1762 3097 toto
1779 3017 1903 3099 littore
1921 3019 2031 3126 regni

420 3139 506 3231 mci,
524 3146 564 3217 et
580 3133 789 3214 interiuerit
806 3131 1007 3213 veneticus
1024 3131 1165 3238 aliquis,
1185 3155 1246 3211 res
1265 3137 1303 3209 et
1319 3130 1443 3212 omnia
1459 3126 1556 3214 mnu
1572 3132 1687 3239 ipsius
1704 3135 1779 3217 sint
1790 3136 1893 3219 salva
1912 3145 1953 3219 ct
1968 3163 2030 3220 se·

421 3285 512 3341 cura
528 3264 567 3338 et
589 3255 705 3334 libera
725 3254 771 3333 ab
788 3251 955 3333 omnibns
982 3250 1201 3343 bominibus,
1228 3249 1290 3355 qni
1308 3258 1394 3330 sunt
1411 3250 1526 3357 etqui
1546 3261 1655 3332 crunt
1685 3253 1753 3334 sub
1779 3263 1966 3362 potestate
1992 3263 2032 3340 el

421 3377 581 3464 dominio
597 3401 692 3456 meo.
719 3372 891 3465 Concedo
909 3371 1059 3479 insuper
1075 3379 1114 3450 et
1129 3370 1225 3460 volo,
1243 3375 1296 3461 ut,
1312 3366 1344 3448 si
1362 3368 1493 3475 aliquis
1511 3371 1708 3451 Veneticae
1720 3374 1748 3414 ¹¹
1764 3381 1953 3455 mercator
1964 3400 2031 3456 vo·

418 3499 531 3580 inerit
546 3519 749 3606 peragrare
764 3520 834 3601 per
851 3501 993 3572 terram
1011 3517 1132 3572 meam
1149 3489 1188 3568 in
1204 3488 1315 3568 adam
1330 3497 1471 3569 terram
1487 3516 1554 3571 seu
1571 3490 1841 3574 cristianorum
1873 3519 1943 3576 seu
1959 3495 2034 3578 Sa-

420 3643 652 3708 racenorum,
669 3615 733 3694 nbi
749 3639 878 3720 pacem
896 3618 936 3690 et
952 3618 1103 3719 treugas
1120 3609 1287 3701 babeam,
1305 3606 1385 3688 sinc
1400 3608 1686 3693 contradictione
1701 3612 1833 3719 alique,
1850 3636 1937 3694 snm
1951 3614 2034 3722 qui-

420 3736 580 3816 buslibet
603 3731 855 3815 mercimoniis
879 3728 999 3823 radat,
1028 3731 1173 3837 quando
1190 3727 1348 3809 voluerit
1373 3735 1412 3807 et
1437 3729 1587 3825 redeat3
1614 3740 1654 3810 et
1679 3730 1710 3811 si
1737 3732 1884 3839 aliquod
1899 3731 2032 3844 dunp-

423 3883 511 3936 nnm
529 3856 569 3935 in
584 3855 664 3961 ipso
679 3853 812 3932 itinere
829 3851 1008 3933 Venetico
1024 3849 1158 3930 viatori
1175 3847 1352 3938 evenerit,
1371 3847 1418 3926 ad
1436 3847 1665 3929 restituenda
1682 3849 1817 3945 ablata,
1848 3859 2031 3959 tanqmm

422 4002 507 4058 mea
521 3972 672 4084 propria
688 3998 838 4081 operam
856 3970 945 4051 dara
962 3980 1002 4051 et
1019 3969 1191 4053 studitum
1223 3965 1394 4048 Concedo
1412 3964 1581 4048 similiter
1596 3970 1626 4011 ¹¹
1644 3978 1684 4050 ct
1698 3970 1793 4064 volo,
1813 3979 1868 4065 ut,
1880 3970 1945 4081 [st]
1962 3971 2033 4053 ali·

422 4096 504 4204 qnis
520 4089 720 4178 veneticus
730 4093 760 4136 ¹⁸
778 4090 900 4198 aliqsra
917 4087 1229 4199 predestinatione
1241 4084 1280 4164 in
1294 4092 1396 4166 terra
1410 4111 1493 4166 mea
1504 4095 1625 4168 morte
1644 4097 1891 4199 preocupatus
1903 4089 2031 4187 luerit,

467 4337 484 4404 l
500 4335 650 4428 pontibus.
665 4335 775 4399 Fontes
785 4357 837 4399 rer.
847 4347 1010 4421 suad.‚pg·
1019 4329 1093 4397 382
1295 4328 1317 4392 6
1333 4328 1399 4405 nisi,
1414 4329 1488 4394 «lans
1503 4326 1670 4394 l'Antisto
1683 4341 1756 4399 utor,
1769 4329 1833 4393 ital.

464 4426 486 4490 2
503 4426 547 4493 ce
569 4425 620 4514 qni
643 4439 689 4489 est
712 4439 798 4490 entra
815 4425 827 4514 [
850 4425 861 4512 ]
878 4444 1008 4510 manqnc
1023 4442 1078 4485 aux
1095 4419 1206 4487 fener
1294 4417 1314 4482 7
1331 4417 1537 4507 persolverint,
1552 4417 1626 4481 dans
1642 4416 1817 4483 t’Antte-o.

425 4514 603 4586 naeuus..
620 4513 674 4575 loc.
689 4513 739 4576 cit.
1295 4506 1316 4570 8
1332 4505 1375 4571 S!
1389 4505 1464 4571 Jcan
1482 4505 1601 4579 d’Arrc,
1615 4506 1696 4569 aussi
1711 4505 1817 4595 appele
1842 4507 1961 4585 Areon,
1984 4513 2036 4578 A·

465 4601 489 4665 3
504 4600 579 4674 sine,
594 4622 724 4684 raanqne
738 4623 796 4664 anx
812 4599 932 4673 Fenus,
951 4598 1004 4663 loc.
1020 4597 1070 4662 cit.
1251 4618 1295 4671 co,
1310 4596 1397 4661 Arra
1412 4610 1443 4659 et
1459 4596 1635 4661 Potesne.
1651 4592 1761 4658 C'e'tait
1772 4593 1801 4658 le
1812 4594 1951 4662 meilleur
1965 4596 2037 4687 pin

467 4688 490 4753 b
506 4688 551 4754 La
566 4686 699 4753 Portella
714 4689 788 4752 e'tait
803 4711 843 4752 nn
866 4687 954 4753 dente
977 4686 1056 4751 sitne
1078 4708 1115 4750 an
1130 4685 1204 4751 bord
1250 4686 1287 4751 do
1304 4686 1331 4749 la
1348 4683 1444 4773 Syrie.
1456 4720 1501 4735 -
1513 4682 1588 4747 l'oir
1610 4681 1738 4770 Jaoqnas
1753 4681 1792 4748 de
1807 4683 1847 4749 vi
1899 4734 1911 4761 ,
1933 4687 1986 4754 lir.
2010 4688 2038 4768 l,

421 4777 460 4845 de
478 4780 506 4843 la
521 4801 588 4844 mer
602 4793 688 4841 entre
710 4776 928 4842 Alexandrotte
950 4791 982 4843 et
1001 4774 1098 4839 Peius.
1122 4775 1206 4840 Wit-
1250 4776 1296 4843 cb
1311 4773 1363 4838 23.
1374 4809 1419 4822 -
1430 4771 1553 4847 Sanuto,
1568 4770 1617 4835 liv.
1633 4770 1684 4837 lli.
1700 4785 1776 4858 part
1794 4770 1847 4849 Vl,
1925 4774 1959 4842 b.

422 4867 546 4935 lebrand
563 4866 665 4933 lenite
683 4865 759 4931 dans
780 4888 833 4931 son
856 4865 1033 4931 Itindruire:
1056 4862 1139 4928 «boc
1161 4877 1206 4930 est
1294 4863 1315 4928 9
1331 4860 1466 4948 quilibet,
1480 4858 1556 4925 dans
1571 4859 1746 4926 l'Arrlirs'o.

425 4983 439 5016 s
460 4957 560 5022 saule
574 4958 698 5030 ὁοηιηκ,
706 4976 800 5042 prope
813 4976 843 5019 se
855 4954 968 5018 iubeas
976 4965 1099 5038 portum
1112 4975 1131 5016 o
1143 4976 1206 5042 prro
1296 4950 1338 5016 10
1352 4947 1395 5015 ce
1411 4964 1473 5014 mot
1490 4971 1616 5036 rnaoqne
1631 4947 1706 5013 dans
1723 4947 1898 5018 l'Arcbios'o.

426 5048 560 5130 »ipsum
584 5045 807 5109 denominatur.
834 5044 910 5109 Hoec
936 5042 1002 5106 sota
1025 5042 1084 5104 citu
1107 5054 1152 5106 eat
1172 5046 1205 5108 in
1295 5039 1331 5103 ll
1352 5037 1498 5111 Venetus,
1513 5037 1587 5101 dans
1603 5036 1631 5102 le
1647 5050 1727 5101 texte
1741 5035 1795 5102 dee
1811 5039 1935 5108 Fontes

426 5158 440 5191 r
459 5145 553 5197 mutu
565 5134 698 5219 publicu,
712 5135 746 5198 in
761 5137 829 5219 ripa
843 5134 940 5197 muria
962 5143 992 5196 et
1016 5141 1060 5193 est
1074 5134 1204 5197 amotio
1294 5127 1337 5193 {2
1350 5127 1453 5282 ipitnr,
1469 5125 1543 5190 dans
1559 5125 1602 5190 les
1619 5125 1738 5191 Fontes.

479 5222 487 5236 ⁸
1293 5215 1335 5282 {3
1379 5230 1493 5293 enetns,
1508 5214 1583 5280 dans
1598 5213 1642 5281 les
1656 5215 1777 5284 Fures

426 5246 440 5279 ι
458 5241 625 5375 ⁸limliemmbt
639 5331 767 5398 mamae
781 5330 838 5374 anx
853 5309 975 5383 Fontes,
991 5304 1045 5371 loc.
1061 5303 1111 5371 cit.
