4306 6248
1143 614 1148 622 .
1303 624 1305 633 Ι

890 650 893 655 ,
1612 640 1616 649 ,

786 666 791 675 ἡ
1000 660 1007 671 ⁴
1186 676 1189 682 Ι

1513 718 1517 725 ,

832 750 835 755 -
988 768 991 772 -
1133 727 1233 809 su·
1330 765 1335 774 -

869 780 874 787 1
1222 788 1232 809 Ο
1419 774 1423 781 ¹
1551 777 1553 784 l

1047 851 1053 859 .

766 880 773 888 -
857 887 861 895 Ι

927 963 1489 1072 -·deptmrtnotsror··¹
1674 968 1729 1011 ⁸
1874 996 1878 1003 ’

407 1264 431 1292 ,,
504 1151 775 1310 emese„
791 1203 844 1286 eu
858 1144 1253 1317 penes-pemeus,-
1272 1136 1440 1287 sisere·
1454 1204 1499 1284 ue
1515 1144 1701 1286 moeres
1717 1143 1870 1314 seme·
1885 1177 1911 1249 Ὗ

430 1392 434 1400 .
621 1362 626 1369 ·
765 1380 769 1385 -
900 1332 904 1344 “
1016 1323 1395 1430 aarellorrpitolirrr.¹

493 1579 655 1773 [Archippe
669 1583 708 1649 dc
721 1582 834 1665 lisite3
857 1572 941 1668 opt.
958 1584 1049 1667 orlac
1074 1581 1148 1647 iaso.
1165 1581 1196 1648 b.
1211 1581 1287 1664 dipl.
1306 1581 1356 1646 18.
1368 1581 1522 1661 -Psoli,
1540 1583 1606 1652 coa
1621 1585 1693 1669 dipl
1717 1584 1754 1649 Τ.
1770 1585 1795 1663 Ι,
1810 1603 1868 1668 -pg.
1893 1583 1935 1647 99
1959 1590 1992 1646 et

386 1691 477 1767 scir,
490 1693 538 1753 n.⁰
553 1689 595 1752 95
635 1736 644 1756 .
842 1712 847 1719 ·
877 1714 881 1719 -
1077 1726 1081 1735 -
1816 1732 1820 1743 ,
1898 1716 1904 1734 ,

388 2000 394 2010 ,
489 1920 540 2003 ln.
552 1922 699 2004 nomiae
729 1931 857 2003 sancto
875 1930 914 2002 et
925 1918 1112 2001 individue
1124 1919 1330 2014 Trinitatis,
1344 1922 1460 2030 patris
1473 1928 1516 2004 ct
1533 1922 1599 2003 biii
1614 1930 1653 2002 ot
1679 1923 1830 2031 spiritus
1854 1919 1989 2013 sancti,

383 2043 515 2124 Aaron.
542 2040 724 2136 Quoniam
750 2040 974 2146 generaliter
997 2045 1124 2120 notum
1152 2049 1208 2120 est
1229 2040 1281 2122 ab
1312 2043 1602 2151 omnibusquod
1623 2042 1784 2122 bumana
1810 2037 1991 2122 memoria

385 2169 443 2249 est
457 2157 588 2263 labilis,
606 2159 804 2241 auctoritas
822 2159 1134 2262 vetorum-legem
1153 2158 1352 2241 «coustituit
1379 2159 1525 2269 scriptis
1547 2161 1732 2256 collocare
1763 2176 1835 2265 que
1853 2156 1992 2241 debent

382 2277 648 2385 perpetualiter
665 2303 906 2385 permonere3
925 2277 1061 2358 idcirco
1079 2287 1204 2358 notum
1222 2278 1271 2357 sit
1287 2278 1454 2359 omnibus
1467 2288 1542 2360 mm
1551 2279 1788 2388 presentibus
1805 2304 1913 2384 quun
1931 2275 1991 2357 ru-

383 2396 490 2490 turis,
519 2395 614 2504 quod
638 2422 716 2505 ego,
743 2397 981 2504 ltayrnundus
1008 2398 1184 2505 liupinus,
1213 2397 1285 2479 Dei
1311 2398 1430 2504 gratia
1455 2400 1627 2508 princeps
1652 2396 1860 2490 Antioobie
1892 2396 1991 2479 tilius

383 2511 614 2622 ltayrnundy,
631 2516 869 2624 primogeniti·
881 2515 944 2598 tilii
962 2514 1167 2625 boamundi
1184 2517 1361 2626 principis
1378 2517 1580 2612 drebocbie,
1594 2502 1724 2599 ⁴diuina
1740 2515 1988 2611 institucione

382 2635 423 2715 iu
439 2633 592 2715 fratrem
610 2644 649 2715 et
667 2636 805 2721 socium
823 2644 861 2718 et
877 2636 1083 2717 orationum
1100 2636 1330 2743 participem,
1344 2635 1439 2731 dedi,
1453 2636 1620 2718 concessi
1635 2644 1675 2718 et
1692 2634 1911 2729 reddidime
1929 2662 1992 2716 sa·

383 2764 554 2842 crossute
572 2756 695 2839 domui
712 2783 917 2865 pauperum
932 2754 1096 2863 ospitalis
1114 2753 1354 2848 iherusalem,
1374 2780 1441 2860 pro
1455 2754 1574 2837 saluto
1586 2754 1709 2838 anime
1721 2754 1804 2837 me'e
1818 2760 1991 2836 romaum

382 2901 453 2982 que
470 2875 786 2983 predecessorum,
804 2886 843 2956 et
860 2874 997 2956 contuli
1014 2900 1079 2956 ore
1097 2881 1136 2952 et
1152 2871 1275 2966 corde,
1294 2871 1441 2957 laudari
1455 2882 1495 2952 et
1507 2875 1688 2977 concessi,
1704 2880 1912 2957 assenserat
1928 2899 1997 2959 vo·

383 2993 526 3074 luntate
544 2995 670 3076 uxoris
682 3021 764 3076 mee
778 2995 924 3077 domine
942 2992 1115 3074 Holuisie
1125 2993 1152 3087 ¹,
1174 2990 1247 3071 blie
1265 2991 1402 3071 domini
1419 2991 1618 3086 llemerici,
1639 2994 1736 3101 regis
1760 2991 1993 3074 iherusalem

276 3121 279 3128 '
366 3114 583 3222 'et·Cipri³,
617 3122 848 3195 sacrosancte
866 3113 989 3193 domui
1014 3111 1204 3220 hospitalis
1222 3119 1260 3190 et
1278 3109 1438 3217 capitulo
1455 3119 1493 3193 et
1510 3111 1684 3193 iratribus
1707 3107 1783 3191 tani
1809 3109 1994 3218 presenti·

269 3296 271 3300 .
385 3233 455 3321 bus
472 3245 581 3340 quam
601 3234 745 3326 suturis,
763 3259 830 3340 per
848 3259 978 3311 manus
996 3229 1123 3311 fratris
1142 3227 1275 3309 Garini
1292 3229 1338 3310 de
1358 3228 1484 3311 Monta
1502 3234 1631 3325 leuto,
1651 3229 1872 3312 venerabilis
1889 3231 1921 3334 ej
1928 3255 1994 3309 us·

387 3354 471 3436 dem
497 3356 625 3435 domus
652 3352 819 3457 magistri
845 3362 884 3433 et
910 3352 1062 3432 aliorum
1089 3347 1439 3457 quamplurimorum
1467 3348 1620 3427 trabum
1647 3349 1782 3429 ibidem
1816 3344 1996 3433 assisten-

385 3473 494 3567 cium,
512 3472 698 3552 civitatem
716 3472 853 3554 Gabali
870 3483 909 3553 et
925 3471 1117 3552 castellum
1135 3468 1266 3552 Yetole
1280 3467 1304 3557 ⁴,
1315 3493 1398 3545 cum
1412 3465 1579 3547 omnibus
1596 3464 1834 3574 pertinenciis
1848 3470 1886 3545 et
1893 3461 1993 3567 juri·

385 3591 588 3672 dicionibus
607 3591 682 3671 suis
702 3600 739 3671 et
756 3591 1061 3698 acquisicionibus
1080 3584 1276 3669 nominatis
1294 3594 1332 3664 et
1349 3583 1597 3680 innominatis,
1623 3583 1834 3665 intrincesis
1859 3589 1897 3661 et
1925 3606 1995 3661 ex·

383 3710 564 3803 trincesis
584 3711 744 3789 terrenis
763 3720 801 3789 et
818 3711 982 3805 marinis,
1003 3707 1119 3818 planis
1138 3714 1176 3786 et
1193 3703 1409 3796 montaneis,
1429 3702 1648 3797 fluminibus,
1668 3703 1890 3796 nemoribus,
1909 3700 1992 3782 cul·

386 3830 434 3909 tis
453 3837 490 3908 et
507 3828 666 3923 incultis,
685 3829 863 3937 piscariis,
885 3838 984 3908 terra
1004 3837 1042 3908 et
1059 3826 1153 3924 errari
1170 3831 1208 3905 et
1225 3822 1415 3932 portubus,
1434 3833 1573 3904 etcum
1592 3825 1788 3931 omnijure
1807 3848 1885 3914 suo,
1914 3829 1995 3902 tarra

386 3947 479 4029 meis
496 3949 651 4057 propriis
664 3976 777 4056 quam
797 3976 843 4030 ex
861 3948 1027 4028 omnibus
1044 3945 1259 4036 feudalibus,
1289 3942 1425 4049 absque
1444 3944 1517 4025 ulla
1536 3943 1670 4023 sederis
1698 3940 1925 4047 oblignciooc
1953 3948 1997 4021 et

386 4064 522 4173 absque
537 4067 614 4149 -ullo
632 4076 789 4163 retentu,
808 4064 907 4149 ornni
926 4076 1066 4147 remota
1084 4090 1233 4172 prorsus
1251 4063 1468 4172 columpnis,
1486 4064 1610 4171 quiete
1629 4074 1667 4145 et
1684 4063 1810 4156 libere,
1830 4058 1995 4143 inheie·

384 4186 560 4268 mosinam
578 4195 617 4269 et
633 4176 921 4290 dominacionem
941 4183 1196 4290 ct-ligietotem
1215 4184 1377 4294 onmium
1395 4184 1593 4280 bominum,
1613 4196 1688 4266 tarn
1702 4182 1857 4266 miiitum
1878 4190 1995 4288 quani
2020 4233 2033 4264 '.

430 4481 501 4549 tt'
538 4483 545 4497 '
570 4483 629 4549 iuri
654 4485 692 4550 de
713 4500 793 4552 cetto
815 4485 904 4574 picco·
925 4483 998 4549 etsie
1025 4480 1163 4547 autrefois
1254 4477 1334 4546 ch
1360 4481 1486 4547 cbttcau
1513 4496 1562 4546 est
1592 4479 1764 4546 naentiouni
1788 4501 1850 4569 par·
1869 4472 1995 4542 dibeo

384 4575 527 4635 conserve·
560 4570 668 4639 iosias
678 4572 874 4641 Archivesdc
888 4574 916 4638 la
933 4569 1164 4638 commenderis
1208 4567 1299 4634 d'rtix
1317 4568 1386 4659 (xl,
1411 4570 1485 4654 tlt);
1509 4570 1529 4635 il
1549 4585 1598 4636 est
1610 4570 1717 4657 appele
1733 4567 1882 4635 dans'uuc
1904 4578 1994 4631 autre

384 4656 578 4751 hospitaliiro
599 4659 637 4727 dc
659 4660 832 4750 bicumque,
854 4685 890 4737 ro
919 4660 1079 4730 Proeoncr.
1101 4658 1165 4749 (Du
1209 4657 1312 4740 cbarta
1327 4659 1365 4723 dc
1382 4658 1478 4733 til-d,
1492 4659 1640 4725 consideo
1655 4680 1710 4745 par
1724 4655 1793 4723 Roo
1822 4657 1828 4674 ⁸
1874 4651 1998 4729 tacut·

383 4745 677 4836 CongeNotrraur
696 4751 869 4818 ensesue
890 4750 1010 4815 d‘Auoe
1036 4746 1166 4814 Comari·
1212 4760 1278 4810 teaa
1304 4746 1574 4859 «demisisti»,
1593 4762 1766 4847 ernonpps
1804 4738 1996 4815 curseto.

386 4837 720 5017 nebpbciiibrincesse
736 4943 782 4994 cst
797 4927 876 4994 aussi
891 4928 1014 5016 eppelde
1028 4923 1161 4992 Escbiee.
1206 4857 1378 5012 Ἑστίῃ
1392 4835 1521 5013 bilitobb‘
1538 4830 1999 5023 dNbbbrunbffitbi'bifbgogff

385 5012 487 5079 L'actc
506 5015 624 5086 suivant
644 5014 684 5081 tui
704 5016 802 5082 donne
813 5039 921 5082 encore
940 5018 1053 5082 lencm
1070 5012 1165 5080 d'lie-
1210 5034 1244 5077 ce
1259 5014 1310 5098 qui
1325 5029 1371 5081 est
1387 5037 1427 5079 an
1443 5029 1623 5081 contremens.
1645 5013 1758 5080 Vetula
1774 5013 1820 5078 u’a
1831 5030 1942 5109 Jsmsrs
1952 5027 2000 5073 ar·

386 5102 450 5169 roo.
959 5149 963 5155 -
1211 5101 1302 5191 guilis
1325 5103 1355 5169 to
1372 5104 1465 5179 serite,
1491 5104 1563 5169 c'est
1580 5100 1734 5168 l’adscrba.
1748 5095 1846 5187 pridie
1855 5119 1912 5185 ¹qur
1929 5115 2001 5163 aco

340 5268 359 5281 A
391 5189 611 5343 'lzpiipmmy'
628 5193 726 5258 roide
746 5192 877 5283 bepre,
899 5196 993 5282 ro'gna
1019 5192 1057 5257 dc
1074 5192 1168 5271 ’liet
1213 5210 1290 5256 sens.
1348 5195 1353 5202 '
1486 5227 1489 5233 ·
1772 5222 1805 5251 -.

387 5302 403 5338 a
510 5329 516 5342 .
1232 5322 1235 5331 ,
1279 5319 1284 5331 .
1406 5296 1411 5305 .
