4306 6292
311 507 385 591 lll

253 650 393 755 pletam
409 658 445 728 et
464 648 664 730 refertam'
687 648 784 730 omni
808 648 973 729 bonitate
990 646 1027 725 in
1046 645 1212 726 omnibus
1227 653 1265 726 ot
1278 672 1346 754 per
1363 647 1483 726 omnia
1501 674 1628 729 cruce
1652 646 1848 752 sigrratm
1860 658 1889 728 et

252 768 474 848 militantem
492 778 623 848 contra
641 768 809 848 inimicos
828 768 948 847 crucis
965 766 1118 856 Christi,
1137 776 1175 847 et
1191 791 1264 873 per.
1276 766 1396 873 ipsum
1410 768 1633 849 vincentem
1657 770 1703 851 iu
1726 768 1889 850 adressa·

253 887 340 979 rios,
359 888 396 966 in
416 887 545 995 preliis
571 897 613 966 et
638 897 806 968 ornatam
834 894 872 968 et
901 887 1144 971 confortatam
1163 888 1200 965 iu
1224 888 1379 970 servicio
1401 888 1663 983 intirmorum,
1688 900 1734 970 et
1753 914 1887 997 semper

255 1007 324 1086 sibi
341 1007 537 1114 prosident
556 1007 596 1085 in
615 1007 711 1087 dona
728 1031 947 1115 pauperum,
967 1015 1006 1085 et
1029 1016 1251 1116 receperunt
1268 1018 1432 1088 nostrum
1451 1009 1660 1114 negocium
1695 1010 1741 1090 in
1771 1038 1886 1092 vernn

252 1127 526 1208 fraternitatem
546 1135 584 1205 et
602 1127 844 1209 sororitatom
874 1124 982 1205 blodo
1001 1134 1124 1205 autem
1143 1126 1298 1235 aroplius
1315 1129 1498 1235 conjuncti
1525 1154 1685 1224 sumus,
1708 1158 1790 1215 non
1813 1130 1885 1209 litto

254 1273 382 1326 arnore
401 1254 460 1325 set
476 1244 672 1327 verissimo
689 1245 843 1351 viperdo,
863 1246 959 1325 sieut
981 1246 1203 1327 confitentur
1230 1247 1331 1326 nobis
1359 1274 1511 1357 serrare
1534 1258 1576 1329 et
1598 1250 1716 1331 tueri
1740 1275 1885 1356 regnan

253 1375 421 1445 nostrum
452 1365 497 1444 ab
524 1366 622 1444 omni
637 1373 765 1474 parte,
784 1366 890 1446 'siout
916 1365 995 1447 veri
1025 1366 1159 1447 tratres
1177 1374 1215 1448 et
1233 1364 1498 1479 impotabiles
1517 1370 1648 1464 amici,
1674 1356 1884 1452 'secundun

258 1487 471 1566 mandatum
491 1486 629 1567 Christi
647 1487 719 1566 Dei
737 1485 864 1579 nostri,
894 1484 989 1591 quod
1008 1493 1064 1564 est
1091 1482 1243 1587 diligere
1270 1485 1440 1580 invicem,
1459 1499 1495 1568 et
1516 1488 1553 1567 in
1574 1487 1651 1568 boe
1685 1489 1884 1597 discipulos

258 1610 337 1712 ejus
355 1605 448 1696 lieri,
468 1606 564 1684 sieut
582 1614 710 1685 saneto
729 1606 856 1685 domus
871 1607 1161 1692 Alamannorum
1189 1607 1327 1684 fratres
1354 1605 1548 1711 perficiunt
1566 1633 1750 1688 omnem
1776 1607 1884 1712 legen

258 1725 490 1831 scriptamet
508 1725 746 1805 christianam
765 1733 803 1804 et
818 1723 1113 1832 protransitoria
1131 1725 1206 1802 vita
1224 1725 1418 1807 voluerunt
1435 1733 1473 1804 et
1489 1728 1681 1805 emerunt
1698 1725 1885 1807 immorta

260 1846 333 1923 lem
347 1852 385 1924 et
399 1854 570 1924 eternum
590 1840 745 1950 regnum
763 1845 846 1937 Dei,
862 1845 957 1924 siout
975 1844 1151 1950 seriptum
1171 1853 1247 1924 est:
1270 1842 1368 1929 «Ubi
1381 1838 1451 1948 ego
1465 1870 1545 1923 sum
1558 1843 1641 1923 illic
1656 1854 1705 1924 et
1723 1846 1887 1926 minister

257 1989 362 2043 rneus
380 1964 465 2056 erit,
479 1997 499 2034 »
528 1972 567 2045 et
585 1964 741 2051 iterum:
762 1999 782 2037 ι
794 1964 864 2044 Ubi
883 1965 955 2046 duo
973 1964 1032 2049 vet
1049 1963 1353 2069 tres-cougregati
1375 1962 1511 2046 luerint
1536 1963 1577 2041 in
1596 1964 1772 2045 nomine
1803 1992 1884 2055 meo,

258 2082 308 2167 ibi
326 2105 395 2185 ego
413 2110 497 2161 sum
515 2083 553 2159 in
572 2082 692 2162 medio
709 2110 835 2163 eorum
846 2117 878 2164 ι.
908 2085 1065 2189 Propter
1083 2082 1162 2178 boo,
1192 2094 1358 2167 sanetum
1376 2085 1522 2165 domum
1540 2083 1662 2163 istam
1684 2086 1780 2166 Dei:
1795 2086 1887 2166 bebi

259 2202 430 2280 taculum
441 2202 668 2309 appellamus
687 2212 725 2282 et
742 2205 905 2295 volumus
923 2204 1085 2311 ipsorum
1105 2204 1304 2311 participes
1322 2203 1404 2284 lieri
1421 2205 1459 2284 in
1476 2200 1655 2291 omnibus
1674 2204 1759 2285 biis
1777 2207 1883 2297 bonis

263 2330 301 2401 et
319 2319 487 2410 dedimus
506 2320 644 2403 eisdem
662 2323 1016 2428 supra-nominatam
1034 2323 1221 2403 civitatem
1241 2322 1443 2403 llaroniam
1470 2348 1552 2427 eum
1572 2332 1689 2429 terra
1711 2325 1790 2405 sibi
1809 2350 1885 2405 con

266 2439 368 2543 tigna
385 2448 428 2521 et
441 2450 625 2546 separata,
643 2467 727 2522 eum
745 2470 814 2522 suo
828 2442 997 2533 confinio,
1018 2443 1113 2522 sieut
1137 2441 1351 2549 dispositum
1371 2451 1439 2534 est,
1458 2450 1616 2521 etnunc
1636 2446 1887 2531 recordamur

264 2586 332 2665 per
349 2567 476 2665 partes
492 2559 726 2664 singillatim:
753 2561 938 2645 civitatem
956 2562 1170 2654 Haroniam,
1186 2586 1270 2643 cum
1290 2559 1519 2653 molendinis,
1539 2557 1723 2641 abaciam
1757 2562 1883 2649 Ovide,

264 2679 457 2761 abbatiam
474 2681 591 2761 uncti
610 2680 800 2776 llammas,
820 2682 1010 2762 abbaciam
1028 2683 1209 2784 Saugre⁹,
1229 2680 1352 2779 casule
1370 2679 1523 2787 bolyon,
1543 2678 1677 2770 casalo
1699 2682 1885 2771 Gostinoe

263 2802 387 2881 casale
403 2800 654 2909 Gnuquigne,
674 2802 794 2883 casale
814 2803 1011 2894 Cherrare,
1032 2800 1153 2881 casale
1172 2798 1368 2891 Cbaoorio,
1389 2825 1473 2877 eum
1491 2824 1560 2877 suo
1572 2798 1821 2895 molendino,
1833 2828 1886 2881 oa·

265 2922 342 3001 sale
355 2920 635 3026 Cainebequiee,
650 2922 932 3026 Agueobemoin,
948 2920 1112 3013 Castine,
1136 2928 1303 3017 sonetum
1318 2916 1523 3009 Danielem,
1538 2917 1759 3014 Devenim,
1783 2922 1887 3003 Saar-

265 3062 396 3144 gague‚
423 3049 592 3121 sonetum
619 3041 797 3135 Thoros³,
827 3040 1065 3134 Cievarerac,
1092 3038 1211 3131 Pirt⁴‚
1249 3036 1405 3139 Quiaog,
1432 3035 1612 3140 'leingrm
1645 3036 1887 3144 llloutr‘igoe,

266 3160 367 3252 Post,
386 3160 598 3253 Gueneceb,
625 3161 902 3266 llaohoudagre,
929 3160 968 3239 in
994 3186 1065 3264 quo
1084 3165 1171 3240 sunt
1188 3156 1286 3259 regis
1304 3154 1491 3234 rustici-et
1506 3180 1602 3233 unus
1619 3156 1816 3237 rusticus
1832 3160 1888 3239 do·

266 3276 360 3367 mini·
373 3276 562 3358 bliebaelis
580 3280 799 3386 d'lludraple
811 3282 837 3373 ²⁸,
861 3288 900 3359 et
917 3278 979 3359 alii
997 3276 1094 3383 regis
1115 3274 1489 3381 ligiorumbominum
1515 3270 1661 3366 rustici,
1685 3284 1732 3355 et
1751 3275 1887 3359 domini

264 3396 408 3476 llaudin
420 3396 645 3480 -Emeranoe
675 3399 760 3479 lllos
778 3399 934 3480 rusticos
955 3398 986 3477 si
1003 3398 1131 3477 volunt
1149 3399 1286 3478 fratres
1304 3395 1489 3478 dimittere
1519 3394 1557 3481 in
1583 3419 1657 3487 sua
1677 3405 1810 3492 terra,
1830 3398 1888 3487 da·

262 3517 352 3601 bunt
368 3518 465 3600 siout
482 3528 568 3599 ante
586 3529 667 3619 orat
684 3518 934 3612 coustitutum,
953 3527 994 3598 ut
1012 3517 1146 3597 darent
1163 3519 1401 3599 medietatem
1419 3513 1603 3597 redditum
1620 3514 1694 3619 qui
1706 3518 1888 3607 dicentur

263 3639 447 3720 armoniae
467 3642 658 3743 eugague⁰
678 3639 840 3719 Horonie
860 3648 898 3717 et
918 3646 1044 3717 cetero
1062 3637 1217 3716 dominis
1237 3636 1324 3717 suis.
1352 3635 1419 3718 Sin
1438 3641 1559 3714 autem
1579 3634 1754 3742 accipiet
1779 3667 1888 3720 unus·

266 3758 417 3864 quisque
437 3784 522 3836 suos
540 3757 696 3843 rusticos
714 3765 752 3837 et
769 3757 883 3839 exibit
900 3758 944 3849 do
962 3757 1054 3849 loco,
1074 3765 1112 3836 et
1130 3758 1375 3837 remanebunt
1393 3755 1453 3835 illa
1471 3755 1551 3835 loea
1564 3757 1758 3847 oum'suis
1777 3761 1889 3869 rebus

265 3880 420 3980 integre,
435 3885 480 3956 et
497 3876 570 3956 erit
587 3884 689 3954 terra
703 3874 740 3955 in
754 3875 928 3961 mandato
943 3875 1110 3970 fratrum,
1125 3875 1327 3956 secundum
1341 3872 1508 3981 quodost
1523 3872 1621 3951 intra
1640 3897 1790 3957 eorum
1807 3905 1890 3961 con.

266 3996 405 4076 linium.
428 3996 545 4103 lgitur
562 3994 765 4101 predictam
783 3996 974 4077 civitatem>
988 4003 1027 4073 et
1043 4004 1185 4098 terram
1201 4003 1435 4103 pretaxatam
1449 4016 1557 4098 quam
1575 3990 1892 4079 nominatim-re·

264 4117 416 4196 eolimus
444 4123 489 4219 οξμ
507 4141 573 4221 per
601 4108 757 4194 confinia
783 4112 1049 4209 distineximus,
1078 4114 1245 4227 dedimus
1271 4112 1446 4219 angelino
1460 4106 1613 4216 legionis
1647 4110 1891 4231 fraternitati

257 4235 433 4343 ‚hospitali
450 4222 710 4317 tlanraoorum
736 4235 1019 4342 inperpetuum
1037 4244 1076 4314 et
1093 4260 1375 4342 permansuram
1401 4226 1658 4324 hereditatem,
1692 4235 1768 4341 qui
1795 4265 1894 4319 nunc

264 4367 350 4437 suot
370 4366 409 4440 et
426 4357 486 4465 qui
503 4366 586 4465 post
604 4355 714 4436 loturi
733 4364 829 4436 sunt.
849 4355 932 4474 Non
950 4374 1038 4458 crgo
1054 4356 1188 4434 babeat
1205 4353 1334 4465 aliquis
1356 4358 1577 4461 potestatem
1594 4346 1634 4427 in
1653 4357 1746 4477 tota
1766 4358 1892 4465 'regio-

313 4634 329 4697 l
348 4632 498 4709 rdeetam,
523 4633 597 4698 dam
617 4633 646 4699 le
668 4657 738 4701 msc.
753 4633 795 4701 du
820 4638 963 4721 optorto
980 4637 1042 4703 ord.
1133 4633 1212 4698 tte
1231 4632 1357 4696 ebttrau
1369 4654 1377 4705 ;
1390 4630 1505 4716 elur,
1520 4650 1558 4693 0⁰
1574 4624 1776 4709 θηῦἕῦἷθμῗ

270 4724 387 4788 Teutam
404 4718 442 4784 de
459 4721 568 4786 Restio.
707 4754 713 4762 ·
909 4734 913 4740 '
998 4738 1013 4753 ··
1133 4720 1327 4787 orout-ore
1350 4734 1396 4785 est
1418 4716 1598 4805 rl'question
1614 4715 1655 4780 ici
1676 4717 1725 4783 dtr
1743 4721 1897 4812 seigneur

311 4808 393 4876 sce
410 4832 480 4875 nom
494 4807 703 4899 designemus
718 4810 809 4878 doute
823 4813 852 4879 le
867 4813 1043 4881 couveotde
1088 4809 1248 4885 d'Ad'aros,
1273 4810 1349 4892 mlp
1372 4804 1590 4890 adamnanum,
1612 4808 1898 4903 mentionoe‘par

270 4901 398 4991 Spo'vrm
421 4898 1043 4991 dontVartamarebartquedeltamproo,
1089 4898 1228 4986 Sempad.
1257 4900 1304 4963 Aa
1325 4912 1422 4985 temps
1445 4894 1482 4960 da
1506 4893 1594 4960 ladon
1603 4891 1644 4970 ll,
1673 4897 1840 4977 Amanus,
1854 4910 1899 4986 u.

269 4989 341 5054 etait
357 4988 385 5052 le
400 4987 550 5078 seigneur,
566 4991 582 5051 t
598 4988 635 5052 l'e
714 5010 732 5054 a
751 4987 790 5055 du
809 4992 1043 5073 conroonemeot
1087 4988 1223 5065 dubus,
1246 4987 1325 5053 e'tait·
1340 4985 1482 5073 §ei'goc'ur
1495 4980 1533 5049 'de
1549 4996 1629 5075 cette
1644 4980 1844 5069 forteresse,
1868 5008 1898 5057 er

269 5077 307 5141 ‹le
324 5076 405 5141 lre'ort
422 5075 458 5142 ll.
481 5076 556 5142 Voir
570 5078 595 5141 la
612 5077 638 5144 C
657 5085 781 5168 ronique
796 5080 833 5145 de
849 5078 992 5168 Sempad,
1004 5082 1047 5147 od
1090 5078 1193 5143 assiste
1205 5101 1243 5141 au
1254 5071 1541 5144 couroorrementdu
1555 5071 1610 5138 roi.
1629 5071 1721 5139 Voir·
1740 5076 1899 5171 Semps'd,

272 5164 434 5230 onnttt.
552 5195 558 5203 ·
716 5236 722 5247 Ι
842 5176 847 5181 ’
890 5216 893 5221 -
944 5248 946 5253 Α
1092 5161 1527 5255 61ινοηίῳω;αάαήπ.,6ῑί7.
1601 5166 1606 5174 ”
1800 5176 1806 5189 ·

293 5340 300 5354 ⁸
316 5252 337 5315 3
354 5250 440 5319 Soiut
455 5253 623 5332 Tbeodore,
639 5270 742 5341 worp!
761 5263 881 5342 βιημη
896 5279 933 5323 eu
946 5262 1043 5326 arme'·
1134 5256 1154 5320 d
1173 5257 1217 5322 Eu
1234 5254 1472 5337 armenieo'bbg
1483 5248 1645 5329 firmanus,
1660 5258 1812 5327 rantes?

212 5390 215 5399 ,
272 5363 348 5405 risen.
801 5376 844 5387 ..
945 5390 951 5395 .
1156 5364 1160 5373 ·
1457 5372 1465 5388 ,
1558 5360 1569 5380 2
1676 5360 1681 5370 ·
