<?xml version="1.0" encoding="UTF-8"?>
<!DOCTYPE html PUBLIC "-//W3C//DTD XHTML 1.0 Transitional//EN"
    "http://www.w3.org/TR/xhtml1/DTD/xhtml1-transitional.dtd">
<html xmlns="http://www.w3.org/1999/xhtml" xml:lang="en" lang="en">
 <head>
  <title>
</title>
<meta http-equiv="Content-Type" content="text/html;charset=utf-8" />
  <meta name='ocr-system' content='tesseract 3.04.00' />
  <meta name='ocr-capabilities' content='ocr_page ocr_carea ocr_par ocr_line ocrx_word'/>
</head>
<body>
  <div class='ocr_page' id='page_1' title='image "./letrsordeschart00unkngoog/letrsordeschart00unkngoog_0161.png"; bbox 0 0 4306 6248; ppageno 0'>
   <div class='ocr_carea' id='block_1_1' title="bbox 255 630 1913 3002">
    <p class='ocr_par' dir='ltr' id='par_1_1' title="bbox 255 630 1913 3002">
     <span class='ocr_line' id='line_1_1' title="bbox 267 630 1874 750; baseline -0.003 -28"><span class='ocrx_word' id='word_1_1' title='bbox 267 665 419 750; x_wconf 82' lang='lat' dir='ltr'>samque</span> <span class='ocrx_word' id='word_1_2' title='bbox 445 637 485 718; x_wconf 91' lang='lat' dir='ltr'>in</span> <span class='ocrx_word' id='word_1_3' title='bbox 510 630 829 721; x_wconf 77' lang='lat' dir='ltr'>manibus‘lleneti</span> <span class='ocrx_word' id='word_1_4' title='bbox 845 631 1122 741; x_wconf 86' lang='lat' dir='ltr'>sencujnslibet</span> <span class='ocrx_word' id='word_1_5' title='bbox 1137 635 1374 729; x_wconf 90' lang='lat' dir='ltr'>commiserit,</span> <span class='ocrx_word' id='word_1_6' title='bbox 1397 646 1436 718; x_wconf 91' lang='lat' dir='ltr'>et</span> <span class='ocrx_word' id='word_1_7' title='bbox 1453 635 1564 718; x_wconf 79' lang='lat' dir='ltr'>luerit</span> <span class='ocrx_word' id='word_1_8' title='bbox 1580 643 1762 742; x_wconf 74' lang='lat' dir='ltr'>mortum,</span> <span class='ocrx_word' id='word_1_9' title='bbox 1777 635 1874 717; x_wconf 90' lang='lat' dir='ltr'>ordi·</span> 
     </span>
     <span class='ocr_line' id='line_1_2' title="bbox 264 733 1874 869; baseline -0.006 -24"><span class='ocrx_word' id='word_1_10' title='bbox 264 750 368 845; x_wconf 81' lang='lat' dir='ltr'>natio</span> <span class='ocrx_word' id='word_1_11' title='bbox 380 754 615 869; x_wconf 68' lang='lat' dir='ltr'>ipsa-stabilis</span> <span class='ocrx_word' id='word_1_12' title='bbox 628 754 676 842; x_wconf 87' lang='lat' dir='ltr'>sit</span> <span class='ocrx_word' id='word_1_13' title='bbox 688 761 727 834; x_wconf 85' lang='lat' dir='ltr'>et</span> <span class='ocrx_word' id='word_1_14' title='bbox 739 755 857 835; x_wconf 87' lang='lat' dir='ltr'>lirma.</span> <span class='ocrx_word' id='word_1_15' title='bbox 875 753 926 834; x_wconf 80' lang='lat' dir='ltr'>m</span> <span class='ocrx_word' id='word_1_16' title='bbox 939 752 1065 834; x_wconf 83' lang='lat' dir='ltr'>sisine</span> <span class='ocrx_word' id='word_1_17' title='bbox 1082 733 1311 838; x_wconf 80' lang='lat' dir='ltr'>ordindtione</span> <span class='ocrx_word' id='word_1_18' title='bbox 1324 755 1421 838; x_wconf 86' lang='lat' dir='ltr'>facta</span> <span class='ocrx_word' id='word_1_19' title='bbox 1435 754 1554 838; x_wconf 81' lang='lat' dir='ltr'>suliito</span> <span class='ocrx_word' id='word_1_20' title='bbox 1565 762 1734 856; x_wconf 85' lang='lat' dir='ltr'>mortuns</span> <span class='ocrx_word' id='word_1_21' title='bbox 1748 753 1874 869; x_wconf 68' lang='lat' dir='ltr'>fuerit,</span> 
     </span>
     <span class='ocr_line' id='line_1_3' title="bbox 267 870 1875 988; baseline -0.006 -23"><span class='ocrx_word' id='word_1_22' title='bbox 267 890 307 966; x_wconf 87' lang='lat' dir='ltr'>et</span> <span class='ocrx_word' id='word_1_23' title='bbox 324 877 456 988; x_wconf 72' lang='lat' dir='ltr'>etquis</span> <span class='ocrx_word' id='word_1_24' title='bbox 471 874 672 961; x_wconf 71' lang='lat' dir='ltr'>venereus</span> <span class='ocrx_word' id='word_1_25' title='bbox 684 882 870 957; x_wconf 86' lang='lat' dir='ltr'>mercator</span> <span class='ocrx_word' id='word_1_26' title='bbox 886 870 1106 987; x_wconf 75' lang='lat' dir='ltr'>interfuerit,</span> <span class='ocrx_word' id='word_1_27' title='bbox 1125 897 1187 954; x_wconf 90' lang='lat' dir='ltr'>res</span> <span class='ocrx_word' id='word_1_28' title='bbox 1205 882 1244 955; x_wconf 88' lang='lat' dir='ltr'>et</span> <span class='ocrx_word' id='word_1_29' title='bbox 1259 873 1356 955; x_wconf 87' lang='lat' dir='ltr'>bona</span> <span class='ocrx_word' id='word_1_30' title='bbox 1372 874 1507 957; x_wconf 84' lang='lat' dir='ltr'>mortui</span> <span class='ocrx_word' id='word_1_31' title='bbox 1515 874 1559 957; x_wconf 87' lang='lat' dir='ltr'>in</span> <span class='ocrx_word' id='word_1_32' title='bbox 1572 873 1745 967; x_wconf 79' lang='lat' dir='ltr'>menibus</span> <span class='ocrx_word' id='word_1_33' title='bbox 1758 872 1875 982; x_wconf 79' lang='lat' dir='ltr'>ipsius</span> 
     </span>
     <span class='ocr_line' id='line_1_4' title="bbox 266 988 1876 1105; baseline -0.007 -22"><span class='ocrx_word' id='word_1_34' title='bbox 266 998 423 1083; x_wconf 77' lang='lat' dir='ltr'>artemis</span> <span class='ocrx_word' id='word_1_35' title='bbox 440 995 574 1080; x_wconf 83' lang='lat' dir='ltr'>Veneti</span> <span class='ocrx_word' id='word_1_36' title='bbox 591 995 670 1105; x_wconf 87' lang='lat' dir='ltr'>sine</span> <span class='ocrx_word' id='word_1_37' title='bbox 689 991 975 1076; x_wconf 81' lang='lat' dir='ltr'>contradictione</span> <span class='ocrx_word' id='word_1_38' title='bbox 988 988 1112 1098; x_wconf 89' lang='lat' dir='ltr'>aliqua</span> <span class='ocrx_word' id='word_1_39' title='bbox 1124 990 1334 1076; x_wconf 62' lang='lat' dir='ltr'>deveniant,</span> <span class='ocrx_word' id='word_1_40' title='bbox 1360 996 1411 1076; x_wconf 85' lang='lat' dir='ltr'>Et</span> <span class='ocrx_word' id='word_1_41' title='bbox 1428 994 1461 1074; x_wconf 92' lang='lat' dir='ltr'>si</span> <span class='ocrx_word' id='word_1_42' title='bbox 1478 993 1609 1102; x_wconf 83' lang='lat' dir='ltr'>aliquis</span> <span class='ocrx_word' id='word_1_43' title='bbox 1623 995 1787 1076; x_wconf 85' lang='lat' dir='ltr'>Venetus</span> <span class='ocrx_word' id='word_1_44' title='bbox 1800 1017 1876 1075; x_wconf 91' lang='lat' dir='ltr'>non</span> 
     </span>
     <span class='ocr_line' id='line_1_5' title="bbox 265 1109 1876 1209; baseline -0.004 -7"><span class='ocrx_word' id='word_1_45' title='bbox 265 1116 492 1208; x_wconf 80' lang='lat' dir='ltr'>interfuerit,</span> <span class='ocrx_word' id='word_1_46' title='bbox 510 1122 650 1196; x_wconf 87' lang='lat' dir='ltr'>etcum</span> <span class='ocrx_word' id='word_1_47' title='bbox 676 1113 908 1202; x_wconf 86' lang='lat' dir='ltr'>ordinatione</span> <span class='ocrx_word' id='word_1_48' title='bbox 926 1134 993 1191; x_wconf 88' lang='lat' dir='ltr'>seu</span> <span class='ocrx_word' id='word_1_49' title='bbox 1010 1109 1090 1191; x_wconf 89' lang='lat' dir='ltr'>sine</span> <span class='ocrx_word' id='word_1_50' title='bbox 1107 1110 1334 1194; x_wconf 75' lang='lat' dir='ltr'>ordinatione</span> <span class='ocrx_word' id='word_1_51' title='bbox 1352 1114 1450 1196; x_wconf 87' lang='lat' dir='ltr'>laeta</span> <span class='ocrx_word' id='word_1_52' title='bbox 1465 1122 1639 1197; x_wconf 81' lang='lat' dir='ltr'>&#39;mortuus</span> <span class='ocrx_word' id='word_1_53' title='bbox 1657 1111 1778 1209; x_wconf 77' lang='lat' dir='ltr'>luerit,</span> <span class='ocrx_word' id='word_1_54' title='bbox 1798 1140 1876 1195; x_wconf 92' lang='lat' dir='ltr'>om·</span> 
     </span>
     <span class='ocr_line' id='line_1_6' title="bbox 266 1228 1876 1340; baseline -0.005 -21"><span class='ocrx_word' id='word_1_55' title='bbox 266 1237 331 1320; x_wconf 88' lang='lat' dir='ltr'>nia</span> <span class='ocrx_word' id='word_1_56' title='bbox 345 1235 443 1316; x_wconf 71' lang='lat' dir='ltr'>bone</span> <span class='ocrx_word' id='word_1_57' title='bbox 459 1232 574 1340; x_wconf 87' lang='lat' dir='ltr'>ipsius</span> <span class='ocrx_word' id='word_1_58' title='bbox 594 1233 634 1311; x_wconf 93' lang='lat' dir='ltr'>in</span> <span class='ocrx_word' id='word_1_59' title='bbox 659 1230 828 1312; x_wconf 88' lang='lat' dir='ltr'>manibus</span> <span class='ocrx_word' id='word_1_60' title='bbox 846 1229 985 1311; x_wconf 82' lang='lat' dir='ltr'>nostris·</span> <span class='ocrx_word' id='word_1_61' title='bbox 997 1229 1039 1327; x_wconf 86' lang='lat' dir='ltr'>ln</span> <span class='ocrx_word' id='word_1_62' title='bbox 1053 1228 1218 1311; x_wconf 88' lang='lat' dir='ltr'>custodia</span> <span class='ocrx_word' id='word_1_63' title='bbox 1236 1230 1445 1334; x_wconf 84' lang='lat' dir='ltr'>deveniant,</span> <span class='ocrx_word' id='word_1_64' title='bbox 1466 1233 1583 1314; x_wconf 93' lang='lat' dir='ltr'>donec</span> <span class='ocrx_word' id='word_1_65' title='bbox 1600 1230 1801 1312; x_wconf 76' lang='lat' dir='ltr'><strong>habeamus</strong></span> <span class='ocrx_word' id='word_1_66' title='bbox 1816 1231 1876 1311; x_wconf 91' lang='lat' dir='ltr'>lit·</span> 
     </span>
     <span class='ocr_line' id='line_1_7' title="bbox 264 1346 1876 1459; baseline -0.006 -21"><span class='ocrx_word' id='word_1_67' title='bbox 264 1353 370 1438; x_wconf 85' lang='lat' dir='ltr'>teras</span> <span class='ocrx_word' id='word_1_68' title='bbox 396 1352 499 1434; x_wconf 88' lang='lat' dir='ltr'>ducis</span> <span class='ocrx_word' id='word_1_69' title='bbox 517 1352 753 1443; x_wconf 76' lang='lat' dir='ltr'>Venetorum,</span> <span class='ocrx_word' id='word_1_70' title='bbox 771 1348 831 1429; x_wconf 89' lang='lat' dir='ltr'>vel</span> <span class='ocrx_word' id='word_1_71' title='bbox 847 1347 970 1458; x_wconf 71' lang='lat' dir='ltr'>baJ&#39;uli,</span> <span class='ocrx_word' id='word_1_72' title='bbox 990 1347 1052 1454; x_wconf 77' lang='lat' dir='ltr'>qm</span> <span class='ocrx_word' id='word_1_73' title='bbox 1068 1346 1106 1428; x_wconf 94' lang='lat' dir='ltr'>in</span> <span class='ocrx_word' id='word_1_74' title='bbox 1124 1352 1248 1431; x_wconf 81' lang='lat' dir='ltr'>Aaron</span> <span class='ocrx_word' id='word_1_75' title='bbox 1265 1351 1311 1431; x_wconf 91' lang='lat' dir='ltr'>de</span> <span class='ocrx_word' id='word_1_76' title='bbox 1330 1355 1409 1459; x_wconf 86' lang='lat' dir='ltr'>ejus</span> <span class='ocrx_word' id='word_1_77' title='bbox 1426 1351 1766 1459; x_wconf 87' lang='lat' dir='ltr'>mandatopreerit,</span> <span class='ocrx_word' id='word_1_78' title='bbox 1785 1349 1876 1430; x_wconf 87' lang='lat' dir='ltr'>alte·</span> 
     </span>
     <span class='ocr_line' id='line_1_8' title="bbox 267 1467 1876 1577; baseline -0.004 -22"><span class='ocrx_word' id='word_1_79' title='bbox 267 1473 347 1555; x_wconf 80' lang='lat' dir='ltr'>rins</span> <span class='ocrx_word' id='word_1_80' title='bbox 359 1473 505 1553; x_wconf 87' lang='lat' dir='ltr'>illorum</span> <span class='ocrx_word' id='word_1_81' title='bbox 519 1469 636 1575; x_wconf 77' lang='lat' dir='ltr'>sigillo</span> <span class='ocrx_word' id='word_1_82' title='bbox 650 1467 831 1573; x_wconf 77' lang='lat' dir='ltr'>sigillatas</span> <span class='ocrx_word' id='word_1_83' title='bbox 837 1498 849 1564; x_wconf 84' lang='lat'>3</span> <span class='ocrx_word' id='word_1_84' title='bbox 870 1476 907 1548; x_wconf 85' lang='lat' dir='ltr'>et</span> <span class='ocrx_word' id='word_1_85' title='bbox 921 1467 1481 1575; x_wconf 80' lang='lat' dir='ltr'>secundumdenoremipsarum</span> <span class='ocrx_word' id='word_1_86' title='bbox 1492 1470 1702 1551; x_wconf 87' lang='lat' dir='ltr'>litterarmn</span> <span class='ocrx_word' id='word_1_87' title='bbox 1720 1468 1876 1577; x_wconf 76' lang='lat' dir='ltr'>predicti</span> 
     </span>
     <span class='ocr_line' id='line_1_9' title="bbox 268 1585 1875 1696; baseline -0.006 -21"><span class='ocrx_word' id='word_1_88' title='bbox 268 1591 374 1675; x_wconf 87' lang='lat' dir='ltr'>ducis</span> <span class='ocrx_word' id='word_1_89' title='bbox 390 1589 450 1672; x_wconf 84' lang='lat' dir='ltr'>vel</span> <span class='ocrx_word' id='word_1_90' title='bbox 467 1588 590 1696; x_wconf 87' lang='lat' dir='ltr'>bajuli,</span> <span class='ocrx_word' id='word_1_91' title='bbox 610 1586 834 1670; x_wconf 82' lang='lat' dir='ltr'>&#39;mandatum</span> <span class='ocrx_word' id='word_1_92' title='bbox 846 1590 898 1668; x_wconf 91' lang='lat' dir='ltr'>de</span> <span class='ocrx_word' id='word_1_93' title='bbox 918 1588 1029 1667; x_wconf 81' lang='lat' dir='ltr'>rebus</span> <span class='ocrx_word' id='word_1_94' title='bbox 1043 1585 1182 1666; x_wconf 81' lang='lat' dir='ltr'>mortui</span> <span class='ocrx_word' id='word_1_95' title='bbox 1208 1586 1287 1666; x_wconf 91' lang='lat' dir='ltr'>sine</span> <span class='ocrx_word' id='word_1_96' title='bbox 1315 1587 1436 1694; x_wconf 90' lang='lat' dir='ltr'>aliqua</span> <span class='ocrx_word' id='word_1_97' title='bbox 1454 1588 1740 1669; x_wconf 80' lang='lat' dir='ltr'>contradictione</span> <span class='ocrx_word' id='word_1_98' title='bbox 1759 1587 1875 1666; x_wconf 91' lang='lat' dir='ltr'>adim-</span> 
     </span>
     <span class='ocr_line' id='line_1_10' title="bbox 263 1699 1878 1825; baseline -0.004 -34"><span class='ocrx_word' id='word_1_99' title='bbox 263 1711 427 1825; x_wconf 69' lang='lat' dir='ltr'>]lleetur.</span> <span class='ocrx_word' id='word_1_100' title='bbox 447 1707 489 1790; x_wconf 90' lang='lat' dir='ltr'>Si</span> <span class='ocrx_word' id='word_1_101' title='bbox 503 1699 626 1788; x_wconf 88' lang='lat' dir='ltr'>autem</span> <span class='ocrx_word' id='word_1_102' title='bbox 639 1707 711 1787; x_wconf 91' lang='lat' dir='ltr'>dno</span> <span class='ocrx_word' id='word_1_103' title='bbox 725 1703 771 1787; x_wconf 93' lang='lat' dir='ltr'>de</span> <span class='ocrx_word' id='word_1_104' title='bbox 784 1705 970 1788; x_wconf 85' lang='lat' dir='ltr'>Veneticis</span> <span class='ocrx_word' id='word_1_105' title='bbox 980 1705 1041 1784; x_wconf 89' lang='lat' dir='ltr'>vel</span> <span class='ocrx_word' id='word_1_106' title='bbox 1053 1700 1178 1813; x_wconf 87' lang='lat' dir='ltr'>plures</span> <span class='ocrx_word' id='word_1_107' title='bbox 1192 1705 1463 1788; x_wconf 80' lang='lat' dir='ltr'>contentionem</span> <span class='ocrx_word' id='word_1_108' title='bbox 1476 1709 1534 1789; x_wconf 92' lang='lat' dir='ltr'>vel</span> <span class='ocrx_word' id='word_1_109' title='bbox 1548 1707 1767 1789; x_wconf 88' lang='lat' dir='ltr'>discerdiam</span> <span class='ocrx_word' id='word_1_110' title='bbox 1778 1708 1878 1787; x_wconf 84' lang='lat' dir='ltr'>inter</span> 
     </span>
     <span class='ocr_line' id='line_1_11' title="bbox 266 1821 1879 1935; baseline -0.001 -29"><span class='ocrx_word' id='word_1_111' title='bbox 266 1853 308 1911; x_wconf 84' lang='lat' dir='ltr'>se</span> <span class='ocrx_word' id='word_1_112' title='bbox 320 1825 570 1915; x_wconf 85' lang='lat' dir='ltr'>habuerintin</span> <span class='ocrx_word' id='word_1_113' title='bbox 587 1833 690 1905; x_wconf 84' lang='lat' dir='ltr'>terra</span> <span class='ocrx_word' id='word_1_114' title='bbox 706 1833 844 1917; x_wconf 87' lang='lat' dir='ltr'>nostre,</span> <span class='ocrx_word' id='word_1_115' title='bbox 863 1848 930 1911; x_wconf 85' lang='lat' dir='ltr'>nos</span> <span class='ocrx_word' id='word_1_116' title='bbox 948 1821 1089 1903; x_wconf 90' lang='lat' dir='ltr'>eisdem</span> <span class='ocrx_word' id='word_1_117' title='bbox 1105 1822 1256 1905; x_wconf 82' lang='lat' dir='ltr'>Venetis</span> <span class='ocrx_word' id='word_1_118' title='bbox 1276 1825 1438 1933; x_wconf 81' lang='lat' dir='ltr'>aliquem</span> <span class='ocrx_word' id='word_1_119' title='bbox 1451 1826 1606 1935; x_wconf 82' lang='lat' dir='ltr'>probunt</span> <span class='ocrx_word' id='word_1_120' title='bbox 1621 1835 1659 1907; x_wconf 93' lang='lat' dir='ltr'>et</span> <span class='ocrx_word' id='word_1_121' title='bbox 1676 1827 1879 1929; x_wconf 81' lang='lat' dir='ltr'>discretum</span> 
     </span>
     <span class='ocr_line' id='line_1_12' title="bbox 269 1938 1913 2052; baseline -0.002 -26"><span class='ocrx_word' id='word_1_122' title='bbox 269 1946 403 2039; x_wconf 82' lang='lat' dir='ltr'>virore,</span> <span class='ocrx_word' id='word_1_123' title='bbox 426 1971 493 2052; x_wconf 82' lang='lat' dir='ltr'>per</span> <span class='ocrx_word' id='word_1_124' title='bbox 509 1970 618 2049; x_wconf 89' lang='lat' dir='ltr'>quem</span> <span class='ocrx_word' id='word_1_125' title='bbox 637 1941 821 2023; x_wconf 89' lang='lat' dir='ltr'>contentio</span> <span class='ocrx_word' id='word_1_126' title='bbox 847 1938 1107 2021; x_wconf 83' lang='lat' dir='ltr'>derimnturet</span> <span class='ocrx_word' id='word_1_127' title='bbox 1123 1939 1222 2021; x_wconf 85' lang='lat' dir='ltr'>inter</span> <span class='ocrx_word' id='word_1_128' title='bbox 1239 1969 1301 2024; x_wconf 91' lang='lat' dir='ltr'>eos</span> <span class='ocrx_word' id='word_1_129' title='bbox 1325 1943 1544 2025; x_wconf 77' lang='lat' dir='ltr'>reformetur</span> <span class='ocrx_word' id='word_1_130' title='bbox 1569 1945 1777 2038; x_wconf 86' lang='lat' dir='ltr'>concordia,</span> <span class='ocrx_word' id='word_1_131' title='bbox 1807 1952 1880 2025; x_wconf 91' lang='lat' dir='ltr'>sta·</span> <span class='ocrx_word' id='word_1_132' title='bbox 1911 2032 1913 2036; x_wconf 53' lang='grc'>,</span> 
     </span>
     <span class='ocr_line' id='line_1_13' title="bbox 255 2057 1880 2165; baseline -0.002 -19"><span class='ocrx_word' id='word_1_133' title='bbox 255 2075 429 2146; x_wconf 79' lang='lat' dir='ltr'>&#39;luemus</span> <span class='ocrx_word' id='word_1_134' title='bbox 458 2059 613 2156; x_wconf 83' lang='lat' dir='ltr'>Quodsi</span> <span class='ocrx_word' id='word_1_135' title='bbox 630 2059 751 2164; x_wconf 80' lang='lat' dir='ltr'>&#39;aliqua</span> <span class='ocrx_word' id='word_1_136' title='bbox 769 2058 954 2139; x_wconf 92' lang='lat' dir='ltr'>contentio</span> <span class='ocrx_word' id='word_1_137' title='bbox 970 2057 1068 2137; x_wconf 91' lang='lat' dir='ltr'>inter</span> <span class='ocrx_word' id='word_1_138' title='bbox 1086 2059 1266 2141; x_wconf 76' lang='lat' dir='ltr'>Armenes</span> <span class='ocrx_word' id='word_1_139' title='bbox 1285 2063 1503 2165; x_wconf 70' lang='lat' dir='ltr'>et&#39;Veoetos</span> <span class='ocrx_word' id='word_1_140' title='bbox 1524 2064 1690 2146; x_wconf 85' lang='lat' dir='ltr'>evenerit</span> <span class='ocrx_word' id='word_1_141' title='bbox 1708 2074 1746 2144; x_wconf 89' lang='lat' dir='ltr'>ct</span> <span class='ocrx_word' id='word_1_142' title='bbox 1764 2064 1880 2143; x_wconf 89' lang='lat' dir='ltr'>inter-</span> 
     </span>
     <span class='ocr_line' id='line_1_14' title="bbox 269 2177 1878 2285; baseline -0.004 -19"><span class='ocrx_word' id='word_1_143' title='bbox 269 2183 418 2266; x_wconf 79' lang='lat' dir='ltr'>ficiatur</span> <span class='ocrx_word' id='word_1_144' title='bbox 430 2181 552 2274; x_wconf 87' lang='lat' dir='ltr'>homo,</span> <span class='ocrx_word' id='word_1_145' title='bbox 572 2180 611 2258; x_wconf 89' lang='lat' dir='ltr'>in</span> <span class='ocrx_word' id='word_1_146' title='bbox 629 2177 745 2285; x_wconf 74' lang='lat' dir='ltr'>regali</span> <span class='ocrx_word' id='word_1_147' title='bbox 762 2177 1011 2259; x_wconf 86' lang='lat' dir='ltr'>curin-nostra</span> <span class='ocrx_word' id='word_1_148' title='bbox 1023 2203 1091 2285; x_wconf 86' lang='lat' dir='ltr'>per</span> <span class='ocrx_word' id='word_1_149' title='bbox 1103 2178 1233 2282; x_wconf 89' lang='lat' dir='ltr'>judieii</span> <span class='ocrx_word' id='word_1_150' title='bbox 1247 2179 1468 2265; x_wconf 85' lang='lat' dir='ltr'>sententiam</span> <span class='ocrx_word' id='word_1_151' title='bbox 1486 2181 1648 2264; x_wconf 85' lang='lat' dir='ltr'>liniatur.</span> <span class='ocrx_word' id='word_1_152' title='bbox 1677 2185 1771 2264; x_wconf 84' lang='lat' dir='ltr'>Cum</span> <span class='ocrx_word' id='word_1_153' title='bbox 1789 2206 1878 2280; x_wconf 78' lang='lat' dir='ltr'>vero</span> 
     </span>
     <span class='ocr_line' id='line_1_15' title="bbox 268 2289 1880 2408; baseline -0.003 -24"><span class='ocrx_word' id='word_1_154' title='bbox 268 2303 369 2384; x_wconf 90' lang='lat' dir='ltr'>inter</span> <span class='ocrx_word' id='word_1_155' title='bbox 384 2303 547 2383; x_wconf 78' lang='lat' dir='ltr'>Venetos</span> <span class='ocrx_word' id='word_1_156' title='bbox 566 2305 779 2402; x_wconf 75' lang='lat' dir='ltr'>emergente</span> <span class='ocrx_word' id='word_1_157' title='bbox 797 2296 978 2385; x_wconf 83' lang='lat' dir='ltr'>discordia</span> <span class='ocrx_word' id='word_1_158' title='bbox 997 2289 1072 2376; x_wconf 92' lang='lat' dir='ltr'>non·</span> <span class='ocrx_word' id='word_1_159' title='bbox 1088 2295 1199 2376; x_wconf 87' lang='lat' dir='ltr'>luerit</span> <span class='ocrx_word' id='word_1_160' title='bbox 1213 2297 1262 2376; x_wconf 90' lang='lat' dir='ltr'>de</span> <span class='ocrx_word' id='word_1_161' title='bbox 1279 2294 1479 2393; x_wconf 73' lang='lat' dir='ltr'>veneticis,</span> <span class='ocrx_word' id='word_1_162' title='bbox 1508 2299 1569 2405; x_wconf 90' lang='lat' dir='ltr'>qui</span> <span class='ocrx_word' id='word_1_163' title='bbox 1595 2299 1711 2408; x_wconf 85' lang='lat' dir='ltr'>possit</span> <span class='ocrx_word' id='word_1_164' title='bbox 1728 2325 1880 2381; x_wconf 87' lang='lat' dir='ltr'>concor·</span> 
     </span>
     <span class='ocr_line' id='line_1_16' title="bbox 271 2413 1882 2525; baseline -0.003 -22"><span class='ocrx_word' id='word_1_165' title='bbox 271 2420 371 2503; x_wconf 72' lang='lat' dir='ltr'>dam</span> <span class='ocrx_word' id='word_1_166' title='bbox 389 2418 489 2498; x_wconf 90' lang='lat' dir='ltr'>inter</span> <span class='ocrx_word' id='word_1_167' title='bbox 502 2443 564 2497; x_wconf 88' lang='lat' dir='ltr'>eos</span> <span class='ocrx_word' id='word_1_168' title='bbox 577 2414 792 2509; x_wconf 81' lang='lat' dir='ltr'>reformare,</span> <span class='ocrx_word' id='word_1_169' title='bbox 810 2413 1069 2522; x_wconf 86' lang='lat' dir='ltr'>perjudicium</span> <span class='ocrx_word' id='word_1_170' title='bbox 1088 2414 1270 2521; x_wconf 82' lang='lat' dir='ltr'>Sisensis¹</span> <span class='ocrx_word' id='word_1_171' title='bbox 1293 2416 1558 2525; x_wconf 87' lang='lat' dir='ltr'>archiepiscopi</span> <span class='ocrx_word' id='word_1_172' title='bbox 1575 2421 1810 2500; x_wconf 78' lang='lat' dir='ltr'>reformetur.</span> <span class='ocrx_word' id='word_1_173' title='bbox 1830 2421 1882 2499; x_wconf 88' lang='lat' dir='ltr'>Et</span> 
     </span>
     <span class='ocr_line' id='line_1_17' title="bbox 270 2530 1881 2648; baseline -0.002 -28"><span class='ocrx_word' id='word_1_174' title='bbox 270 2537 492 2648; x_wconf 68' lang='lat' dir='ltr'>sileaetus&#39;</span> <span class='ocrx_word' id='word_1_175' title='bbox 506 2533 760 2632; x_wconf 72' lang='lat' dir='ltr'>camararius</span> <span class='ocrx_word' id='word_1_176' title='bbox 778 2532 897 2638; x_wconf 76' lang='lat' dir='ltr'>gentis</span> <span class='ocrx_word' id='word_1_177' title='bbox 923 2530 1128 2614; x_wconf 86' lang='lat' dir='ltr'>hominibus</span> <span class='ocrx_word' id='word_1_178' title='bbox 1147 2532 1605 2638; x_wconf 83' lang='lat' dir='ltr'>aliquam-contentionem</span> <span class='ocrx_word' id='word_1_179' title='bbox 1632 2537 1814 2629; x_wconf 78' lang='lat' dir='ltr'>habuerit,</span> <span class='ocrx_word' id='word_1_180' title='bbox 1841 2537 1881 2616; x_wconf 93' lang='lat' dir='ltr'>in</span> 
     </span>
     <span class='ocr_line' id='line_1_18' title="bbox 271 2649 1878 2767; baseline -0.002 -30"><span class='ocrx_word' id='word_1_181' title='bbox 271 2656 391 2767; x_wconf 70' lang='lat' dir='ltr'>regali</span> <span class='ocrx_word' id='word_1_182' title='bbox 408 2654 512 2737; x_wconf 87' lang='lat' dir='ltr'>curia</span> <span class='ocrx_word' id='word_1_183' title='bbox 538 2652 774 2760; x_wconf 62' lang='lat' dir='ltr'>per‘justicie</span> <span class='ocrx_word' id='word_1_184' title='bbox 801 2649 1024 2733; x_wconf 83' lang='lat' dir='ltr'>sententiam</span> <span class='ocrx_word' id='word_1_185' title='bbox 1041 2650 1242 2731; x_wconf 85' lang='lat' dir='ltr'>decidatur.</span> <span class='ocrx_word' id='word_1_186' title='bbox 1271 2652 1514 2765; x_wconf 72' lang='lat' dir='ltr'>concedimus</span> <span class='ocrx_word' id='word_1_187' title='bbox 1542 2662 1668 2735; x_wconf 78' lang='lat' dir='ltr'>aulem</span> <span class='ocrx_word' id='word_1_188' title='bbox 1683 2660 1732 2744; x_wconf 79' lang='lat' dir='ltr'>ot</span> <span class='ocrx_word' id='word_1_189' title='bbox 1748 2655 1878 2734; x_wconf 91' lang='lat' dir='ltr'>damus</span> 
     </span>
     <span class='ocr_line' id='line_1_19' title="bbox 270 2767 1880 2883; baseline -0.006 -23"><span class='ocrx_word' id='word_1_190' title='bbox 270 2779 310 2860; x_wconf 84' lang='lat' dir='ltr'>in</span> <span class='ocrx_word' id='word_1_191' title='bbox 328 2775 479 2861; x_wconf 77' lang='lat' dir='ltr'>civitate</span> <span class='ocrx_word' id='word_1_192' title='bbox 496 2772 705 2883; x_wconf 80' lang='lat' dir='ltr'>Mamistei¹</span> <span class='ocrx_word' id='word_1_193' title='bbox 723 2772 812 2880; x_wconf 84' lang='lat' dir='ltr'>ipsis</span> <span class='ocrx_word' id='word_1_194' title='bbox 828 2769 981 2852; x_wconf 77' lang='lat' dir='ltr'>Venetis</span> <span class='ocrx_word' id='word_1_195' title='bbox 999 2768 1210 2862; x_wconf 74' lang='lat' dir='ltr'>ecclesian,</span> <span class='ocrx_word' id='word_1_196' title='bbox 1220 2778 1258 2850; x_wconf 90' lang='lat' dir='ltr'>et</span> <span class='ocrx_word' id='word_1_197' title='bbox 1271 2767 1419 2870; x_wconf 81' lang='lat' dir='ltr'>domum</span> <span class='ocrx_word' id='word_1_198' title='bbox 1436 2781 1476 2852; x_wconf 93' lang='lat' dir='ltr'>et</span> <span class='ocrx_word' id='word_1_199' title='bbox 1492 2774 1612 2855; x_wconf 90' lang='lat' dir='ltr'>locum</span> <span class='ocrx_word' id='word_1_200' title='bbox 1629 2799 1697 2881; x_wconf 86' lang='lat' dir='ltr'>pro</span> <span class='ocrx_word' id='word_1_201' title='bbox 1715 2771 1822 2853; x_wconf 94' lang='lat' dir='ltr'>domo</span> <span class='ocrx_word' id='word_1_202' title='bbox 1835 2778 1880 2851; x_wconf 88' lang='lat' dir='ltr'>et</span> 
     </span>
     <span class='ocr_line' id='line_1_20' title="bbox 271 2886 1882 3002; baseline -0.004 -23"><span class='ocrx_word' id='word_1_203' title='bbox 271 2892 449 2979; x_wconf 72' lang='lat' dir='ltr'>victualia</span> <span class='ocrx_word' id='word_1_204' title='bbox 465 2917 536 2999; x_wconf 84' lang='lat' dir='ltr'>pro</span> <span class='ocrx_word' id='word_1_205' title='bbox 551 2890 805 2974; x_wconf 80' lang='lat' dir='ltr'>sacerdote&#39;et·</span> <span class='ocrx_word' id='word_1_206' title='bbox 819 2888 966 2985; x_wconf 86' lang='lat' dir='ltr'>clerico,</span> <span class='ocrx_word' id='word_1_207' title='bbox 985 2886 1047 3002; x_wconf 85' lang='lat' dir='ltr'>qui</span> <span class='ocrx_word' id='word_1_208' title='bbox 1064 2887 1228 2968; x_wconf 88' lang='lat' dir='ltr'>servient</span> <span class='ocrx_word' id='word_1_209' title='bbox 1239 2889 1415 2985; x_wconf 89' lang='lat' dir='ltr'>ecclesie,</span> <span class='ocrx_word' id='word_1_210' title='bbox 1434 2890 1473 2972; x_wconf 90' lang='lat' dir='ltr'>in</span> <span class='ocrx_word' id='word_1_211' title='bbox 1491 2891 1882 2999; x_wconf 84' lang='lat' dir='ltr'>memoriapredcces·</span> 
     </span>
    </p>
   </div>
   <div class='ocr_carea' id='block_1_2' title="bbox 268 3005 2016 3118">
    <p class='ocr_par' dir='ltr' id='par_1_2' title="bbox 268 3005 2016 3118">
     <span class='ocr_line' id='line_1_21' title="bbox 268 3005 2016 3118; baseline -0.007 -19"><span class='ocrx_word' id='word_1_212' title='bbox 268 3022 397 3099; x_wconf 75' lang='lat' dir='ltr'>serum</span> <span class='ocrx_word' id='word_1_213' title='bbox 413 3006 635 3093; x_wconf 80' lang='lat' dir='ltr'>nostrorum.</span> <span class='ocrx_word' id='word_1_214' title='bbox 662 3009 853 3090; x_wconf 82' lang='lat' dir='ltr'>Utautem</span> <span class='ocrx_word' id='word_1_215' title='bbox 870 3019 1027 3117; x_wconf 86' lang='lat' dir='ltr'>presens</span> <span class='ocrx_word' id='word_1_216' title='bbox 1044 3005 1275 3115; x_wconf 76' lang='lat' dir='ltr'>privilegium</span> <span class='ocrx_word' id='word_1_217' title='bbox 1292 3008 1441 3089; x_wconf 84' lang='lat' dir='ltr'>firmum</span> <span class='ocrx_word' id='word_1_218' title='bbox 1458 3021 1678 3118; x_wconf 83' lang='lat' dir='ltr'>permaneat</span> <span class='ocrx_word' id='word_1_219' title='bbox 1694 3020 1734 3093; x_wconf 90' lang='lat' dir='ltr'>et</span> <span class='ocrx_word' id='word_1_220' title='bbox 1748 3011 1880 3102; x_wconf 86' lang='lat' dir='ltr'>incon·</span> <span class='ocrx_word' id='word_1_221' title='bbox 2014 3068 2016 3071; x_wconf 39' lang='grc'>,</span> 
     </span>
    </p>
   </div>
   <div class='ocr_carea' id='block_1_3' title="bbox 265 3122 1883 4398">
    <p class='ocr_par' dir='ltr' id='par_1_3' title="bbox 268 3122 1882 3591">
     <span class='ocr_line' id='line_1_22' title="bbox 269 3122 1882 3237; baseline -0.006 -21"><span class='ocrx_word' id='word_1_222' title='bbox 269 3132 459 3224; x_wconf 57' lang='lat' dir='ltr'>cussnm‘z</span> <span class='ocrx_word' id='word_1_223' title='bbox 476 3122 626 3237; x_wconf 83' lang='lat' dir='ltr'>propria</span> <span class='ocrx_word' id='word_1_224' title='bbox 642 3154 756 3208; x_wconf 89' lang='lat' dir='ltr'>manu</span> <span class='ocrx_word' id='word_1_225' title='bbox 772 3126 904 3208; x_wconf 85' lang='lat' dir='ltr'>rubeis</span> <span class='ocrx_word' id='word_1_226' title='bbox 914 3124 1051 3206; x_wconf 85' lang='lat' dir='ltr'>litteris</span> <span class='ocrx_word' id='word_1_227' title='bbox 1065 3124 1261 3229; x_wconf 85' lang='lat' dir='ltr'>armenicis</span> <span class='ocrx_word' id='word_1_228' title='bbox 1279 3122 1370 3207; x_wconf 91' lang='lat' dir='ltr'>illud</span> <span class='ocrx_word' id='word_1_229' title='bbox 1387 3127 1624 3236; x_wconf 77' lang='lat' dir='ltr'>signavimus,</span> <span class='ocrx_word' id='word_1_230' title='bbox 1638 3135 1683 3228; x_wconf 78' lang='lat' dir='ltr'>&#39;et</span> <span class='ocrx_word' id='word_1_231' title='bbox 1698 3129 1815 3235; x_wconf 79' lang='lat' dir='ltr'>regali</span> <span class='ocrx_word' id='word_1_232' title='bbox 1833 3129 1882 3211; x_wconf 90' lang='lat' dir='ltr'>si·</span> 
     </span>
     <span class='ocr_line' id='line_1_23' title="bbox 268 3243 1882 3361; baseline -0.003 -27"><span class='ocrx_word' id='word_1_233' title='bbox 268 3252 356 3361; x_wconf 77' lang='lat' dir='ltr'>‘gillo</span> <span class='ocrx_word' id='word_1_234' title='bbox 374 3248 458 3331; x_wconf 82' lang='lat' dir='ltr'>euri</span> <span class='ocrx_word' id='word_1_235' title='bbox 482 3245 830 3328; x_wconf 79' lang='lat' dir='ltr'>illud&#39;oorrolrorari</span> <span class='ocrx_word' id='word_1_236' title='bbox 853 3244 1038 3327; x_wconf 72' lang='lat' dir='ltr'>fecimus*</span> <span class='ocrx_word' id='word_1_237' title='bbox 1061 3251 1101 3326; x_wconf 89' lang='lat' dir='ltr'>et</span> <span class='ocrx_word' id='word_1_238' title='bbox 1116 3243 1266 3324; x_wconf 86' lang='lat' dir='ltr'>muniri.</span> <span class='ocrx_word' id='word_1_239' title='bbox 1292 3245 1449 3327; x_wconf 81' lang='lat' dir='ltr'>Factum</span> <span class='ocrx_word' id='word_1_240' title='bbox 1471 3256 1538 3329; x_wconf 88' lang='lat' dir='ltr'>est</span> <span class='ocrx_word' id='word_1_241' title='bbox 1553 3247 1622 3331; x_wconf 90' lang='lat' dir='ltr'>hee</span> <span class='ocrx_word' id='word_1_242' title='bbox 1649 3249 1882 3358; x_wconf 75' lang='lat' dir='ltr'>privilegium</span> 
     </span>
     <span class='ocr_line' id='line_1_24' title="bbox 268 3353 1882 3480; baseline -0.002 -31"><span class='ocrx_word' id='word_1_243' title='bbox 268 3378 339 3480; x_wconf 72' lang='lat' dir='ltr'>per</span> <span class='ocrx_word' id='word_1_244' title='bbox 350 3365 678 3472; x_wconf 65' lang='lat' dir='ltr'>‚manusGregorii</span> <span class='ocrx_word' id='word_1_245' title='bbox 694 3365 909 3459; x_wconf 80' lang='lat' dir='ltr'>sacerdotis,</span> <span class='ocrx_word' id='word_1_246' title='bbox 928 3361 1151 3458; x_wconf 83' lang='lat' dir='ltr'>cancellarii,</span> <span class='ocrx_word' id='word_1_247' title='bbox 1171 3389 1267 3445; x_wconf 87' lang='lat' dir='ltr'>anno</span> <span class='ocrx_word' id='word_1_248' title='bbox 1284 3353 1433 3446; x_wconf 83' lang='lat' dir='ltr'>Domini</span> <span class='ocrx_word' id='word_1_249' title='bbox 1449 3368 1714 3451; x_wconf 85' lang='lat' dir='ltr'>incarnationis</span> <span class='ocrx_word' id='word_1_250' title='bbox 1731 3369 1882 3450; x_wconf 90' lang='lat' dir='ltr'>millesi-</span> 
     </span>
     <span class='ocr_line' id='line_1_25' title="bbox 268 3483 1461 3591; baseline -0.01 -22"><span class='ocrx_word' id='word_1_251' title='bbox 268 3513 332 3570; x_wconf 90' lang='lat' dir='ltr'>mo</span> <span class='ocrx_word' id='word_1_252' title='bbox 350 3483 591 3590; x_wconf 55' lang='lat' dir='ltr'>CG⁰XLV?⁸,</span> <span class='ocrx_word' id='word_1_253' title='bbox 608 3494 735 3564; x_wconf 80' lang='lat' dir='ltr'>mense</span> <span class='ocrx_word' id='word_1_254' title='bbox 750 3483 895 3565; x_wconf 88' lang='lat' dir='ltr'>marcii.</span> <span class='ocrx_word' id='word_1_255' title='bbox 942 3501 962 3531; x_wconf 78' lang='lat'>&#39;·</span> <span class='ocrx_word' id='word_1_256' title='bbox 1458 3586 1461 3591; x_wconf 19' lang='grc' dir='ltr'>Ι</span> 
     </span>
    </p>

    <p class='ocr_par' dir='ltr' id='par_1_4' title="bbox 265 3594 1883 4398">
     <span class='ocr_line' id='line_1_26' title="bbox 377 3594 1883 3710; baseline 0.001 -24.955"><span class='ocrx_word' id='word_1_257' title='bbox 377 3604 459 3710; x_wconf 73' lang='lat' dir='ltr'>Ego</span> <span class='ocrx_word' id='word_1_258' title='bbox 477 3600 628 3683; x_wconf 85' lang='lat' dir='ltr'>Gabriel</span> <span class='ocrx_word' id='word_1_259' title='bbox 646 3603 836 3696; x_wconf 89' lang='lat' dir='ltr'>Paulinus,</span> <span class='ocrx_word' id='word_1_260' title='bbox 853 3594 1021 3683; x_wconf 80' lang='lat' dir='ltr'>notarius</span> <span class='ocrx_word' id='word_1_261' title='bbox 1033 3609 1073 3682; x_wconf 89' lang='lat' dir='ltr'>et</span> <span class='ocrx_word' id='word_1_262' title='bbox 1089 3598 1231 3682; x_wconf 87' lang='lat' dir='ltr'>ducalis</span> <span class='ocrx_word' id='word_1_263' title='bbox 1246 3604 1507 3699; x_wconf 75' lang='lat' dir='ltr'>aula&#39;teneeie</span> <span class='ocrx_word' id='word_1_264' title='bbox 1525 3594 1780 3700; x_wconf 84' lang='lat' dir='ltr'>cancellarius,</span> <span class='ocrx_word' id='word_1_265' title='bbox 1798 3623 1883 3687; x_wconf 83' lang='lat' dir='ltr'>aoc-</span> 
     </span>
     <span class='ocr_line' id='line_1_27' title="bbox 268 3714 1877 3835; baseline -0.001 -30"><span class='ocrx_word' id='word_1_266' title='bbox 268 3721 578 3835; x_wconf 32' lang='lat' dir='ltr'>tenticumvhujns</span> <span class='ocrx_word' id='word_1_267' title='bbox 596 3720 715 3825; x_wconf 78' lang='lat' dir='ltr'>sigillo</span> <span class='ocrx_word' id='word_1_268' title='bbox 731 3714 844 3803; x_wconf 84' lang='lat' dir='ltr'>aureo</span> <span class='ocrx_word' id='word_1_269' title='bbox 863 3720 1061 3829; x_wconf 78' lang='lat' dir='ltr'>sigillatum</span> <span class='ocrx_word' id='word_1_270' title='bbox 1074 3722 1235 3830; x_wconf 80' lang='lat' dir='ltr'>exempli</span> <span class='ocrx_word' id='word_1_271' title='bbox 1247 3724 1323 3823; x_wconf 84' lang='lat' dir='ltr'>vidi</span> <span class='ocrx_word' id='word_1_272' title='bbox 1340 3735 1380 3810; x_wconf 85' lang='lat' dir='ltr'>et</span> <span class='ocrx_word' id='word_1_273' title='bbox 1396 3723 1470 3831; x_wconf 72' lang='lat' dir='ltr'>legi</span> <span class='ocrx_word' id='word_1_274' title='bbox 1478 3757 1490 3823; x_wconf 90' lang='lat'>;</span> <span class='ocrx_word' id='word_1_275' title='bbox 1509 3733 1549 3808; x_wconf 89' lang='lat' dir='ltr'>et</span> <span class='ocrx_word' id='word_1_276' title='bbox 1562 3726 1658 3808; x_wconf 91' lang='lat' dir='ltr'>sicut</span> <span class='ocrx_word' id='word_1_277' title='bbox 1674 3725 1712 3805; x_wconf 89' lang='lat' dir='ltr'>in</span> <span class='ocrx_word' id='word_1_278' title='bbox 1727 3733 1877 3809; x_wconf 73' lang='lat' dir='ltr'>aaaron</span> 
     </span>
     <span class='ocr_line' id='line_1_28' title="bbox 270 3836 1882 3952; baseline -0.002 -28"><span class='ocrx_word' id='word_1_279' title='bbox 270 3843 348 3935; x_wconf 79' lang='lat' dir='ltr'>tice</span> <span class='ocrx_word' id='word_1_280' title='bbox 365 3840 634 3933; x_wconf 87' lang='lat' dir='ltr'>continebatur,</span> <span class='ocrx_word' id='word_1_281' title='bbox 661 3836 769 3920; x_wconf 75' lang='lat' dir='ltr'>itaet</span> <span class='ocrx_word' id='word_1_282' title='bbox 785 3838 824 3919; x_wconf 92' lang='lat' dir='ltr'>in</span> <span class='ocrx_word' id='word_1_283' title='bbox 839 3840 911 3922; x_wconf 90' lang='lat' dir='ltr'>isto</span> <span class='ocrx_word' id='word_1_284' title='bbox 929 3839 1138 3921; x_wconf 85' lang='lat' dir='ltr'>continetur</span> <span class='ocrx_word' id='word_1_285' title='bbox 1152 3843 1325 3950; x_wconf 78' lang='lat' dir='ltr'>exemplo</span> <span class='ocrx_word' id='word_1_286' title='bbox 1334 3875 1346 3939; x_wconf 89' lang='lat'>;</span> <span class='ocrx_word' id='word_1_287' title='bbox 1370 3840 1532 3951; x_wconf 89' lang='lat' dir='ltr'>ideoque</span> <span class='ocrx_word' id='word_1_288' title='bbox 1558 3872 1642 3927; x_wconf 92' lang='lat' dir='ltr'>meo</span> <span class='ocrx_word' id='word_1_289' title='bbox 1666 3843 1815 3952; x_wconf 82' lang='lat' dir='ltr'>proprio</span> <span class='ocrx_word' id='word_1_290' title='bbox 1833 3842 1882 3922; x_wconf 92' lang='lat' dir='ltr'>si·</span> 
     </span>
     <span class='ocr_line' id='line_1_29' title="bbox 266 3957 1882 4074; baseline -0.001 -32"><span class='ocrx_word' id='word_1_291' title='bbox 266 3972 346 4069; x_wconf 71' lang='lat' dir='ltr'>&#39;gno</span> <span class='ocrx_word' id='word_1_292' title='bbox 363 3960 485 4068; x_wconf 85' lang='lat' dir='ltr'>ipsum</span> <span class='ocrx_word' id='word_1_293' title='bbox 500 3957 804 4053; x_wconf 77' lang='lat' dir='ltr'>corroboravi,‘et</span> <span class='ocrx_word' id='word_1_294' title='bbox 822 3959 1060 4041; x_wconf 85' lang='lat' dir='ltr'>demandato</span> <span class='ocrx_word' id='word_1_295' title='bbox 1078 3959 1217 4074; x_wconf 77' lang='lat' dir='ltr'>domini</span> <span class='ocrx_word' id='word_1_296' title='bbox 1231 3959 1360 4048; x_wconf 85' lang='lat' dir='ltr'>Jacobi</span> <span class='ocrx_word' id='word_1_297' title='bbox 1377 3957 1544 4068; x_wconf 80' lang='lat' dir='ltr'>Teupnli,</span> <span class='ocrx_word' id='word_1_298' title='bbox 1563 3961 1679 4041; x_wconf 88' lang='lat' dir='ltr'>incliti</span> <span class='ocrx_word' id='word_1_299' title='bbox 1697 3961 1800 4042; x_wconf 89' lang='lat' dir='ltr'>ducis</span> <span class='ocrx_word' id='word_1_300' title='bbox 1812 3962 1882 4043; x_wconf 86' lang='lat' dir='ltr'>Ve-</span> 
     </span>
     <span class='ocr_line' id='line_1_30' title="bbox 265 4075 1882 4183; baseline -0.005 -21"><span class='ocrx_word' id='word_1_301' title='bbox 265 4080 392 4172; x_wconf 69' lang='lat' dir='ltr'>&#39;nccle</span> <span class='ocrx_word' id='word_1_302' title='bbox 421 4083 719 4159; x_wconf 71' lang='lat' dir='ltr'>currentesanno</span> <span class='ocrx_word' id='word_1_303' title='bbox 736 4077 889 4171; x_wconf 88' lang='lat' dir='ltr'>Domini</span> <span class='ocrx_word' id='word_1_304' title='bbox 917 4077 1037 4183; x_wconf 78' lang='lat' dir='ltr'>nostri</span> <span class='ocrx_word' id='word_1_305' title='bbox 1064 4075 1181 4161; x_wconf 84' lang='lat' dir='ltr'>Jhesu</span> <span class='ocrx_word' id='word_1_306' title='bbox 1197 4076 1343 4182; x_wconf 13' lang='lat' dir='ltr'>*euasti</span> <span class='ocrx_word' id='word_1_307' title='bbox 1371 4078 1596 4158; x_wconf 88' lang='lat' dir='ltr'>millessimo·</span> <span class='ocrx_word' id='word_1_308' title='bbox 1610 4078 1882 4157; x_wconf 76' lang='lat' dir='ltr'>decentessimo</span> 
     </span>
     <span class='ocr_line' id='line_1_31' title="bbox 273 4193 1882 4306; baseline -0.005 -28"><span class='ocrx_word' id='word_1_309' title='bbox 273 4194 576 4305; x_wconf 78' lang='lat' dir='ltr'>quadragessimo</span> <span class='ocrx_word' id='word_1_310' title='bbox 594 4194 759 4302; x_wconf 81' lang='lat' dir='ltr'>quinto⁰,</span> <span class='ocrx_word' id='word_1_311' title='bbox 779 4220 907 4287; x_wconf 88' lang='lat' dir='ltr'>mense</span> <span class='ocrx_word' id='word_1_312' title='bbox 919 4193 1254 4306; x_wconf 68' lang='lat' dir='ltr'>madii&#39;indictione</span> <span class='ocrx_word' id='word_1_313' title='bbox 1267 4204 1398 4302; x_wconf 87' lang='lat' dir='ltr'>quarta</span> <span class='ocrx_word' id='word_1_314' title='bbox 1407 4225 1423 4290; x_wconf 64' lang='lat'>,2</span> <span class='ocrx_word' id='word_1_315' title='bbox 1439 4194 1625 4301; x_wconf 75' lang='lat' dir='ltr'>in&#39;pnlatio</span> <span class='ocrx_word' id='word_1_316' title='bbox 1643 4194 1797 4271; x_wconf 88' lang='lat' dir='ltr'>ducatus</span> <span class='ocrx_word' id='word_1_317' title='bbox 1811 4195 1882 4274; x_wconf 86' lang='lat' dir='ltr'>Ve-</span> 
     </span>
     <span class='ocr_line' id='line_1_32' title="bbox 274 4316 1851 4398; baseline 0 -2"><span class='ocrx_word' id='word_1_318' title='bbox 274 4341 395 4398; x_wconf 84' lang='lat' dir='ltr'>necrc.</span> <span class='ocrx_word' id='word_1_319' title='bbox 913 4335 921 4367; x_wconf 32' lang='grc' dir='ltr'>’ν</span> <span class='ocrx_word' id='word_1_320' title='bbox 1003 4333 1006 4338; x_wconf 85' lang='grc'><em>·</em></span> <span class='ocrx_word' id='word_1_321' title='bbox 1245 4329 1262 4376; x_wconf 81' lang='lat'>·.</span> <span class='ocrx_word' id='word_1_322' title='bbox 1556 4326 1563 4335; x_wconf 82' lang='grc'><em>”</em></span> <span class='ocrx_word' id='word_1_323' title='bbox 1669 4317 1677 4327; x_wconf 87' lang='grc'>’</span> <span class='ocrx_word' id='word_1_324' title='bbox 1848 4316 1851 4325; x_wconf 86' lang='grc'><strong>’</strong></span> 
     </span>
    </p>
   </div>
   <div class='ocr_carea' id='block_1_4' title="bbox 264 4653 1881 5203">
    <p class='ocr_par' dir='ltr' id='par_1_5' title="bbox 264 4653 1881 5203">
     <span class='ocr_line' id='line_1_33' title="bbox 322 4653 1879 4753; baseline -0.008 -19"><span class='ocrx_word' id='word_1_325' title='bbox 322 4669 339 4734; x_wconf 82' lang='lat' dir='ltr'>t</span> <span class='ocrx_word' id='word_1_326' title='bbox 358 4665 510 4742; x_wconf 70' lang='lat' dir='ltr'>Sisien&#39;sis</span> <span class='ocrx_word' id='word_1_327' title='bbox 524 4666 600 4737; x_wconf 79' lang='lat' dir='ltr'>dans</span> <span class='ocrx_word' id='word_1_328' title='bbox 616 4667 659 4745; x_wconf 79' lang='lat' dir='ltr'>les</span> <span class='ocrx_word' id='word_1_329' title='bbox 675 4668 795 4735; x_wconf 80' lang='lat' dir='ltr'>Fontes.</span> <span class='ocrx_word' id='word_1_330' title='bbox 857 4683 860 4689; x_wconf 82' lang='lat'>&#39;</span> <span class='ocrx_word' id='word_1_331' title='bbox 1087 4653 1448 4753; x_wconf 49' lang='lat' dir='ltr'>’emundandorum</span> <span class='ocrx_word' id='word_1_332' title='bbox 1472 4668 1575 4748; x_wconf 71' lang='lat' dir='ltr'>[laad.</span> <span class='ocrx_word' id='word_1_333' title='bbox 1597 4663 1662 4731; x_wconf 80' lang='lat' dir='ltr'>ond</span> <span class='ocrx_word' id='word_1_334' title='bbox 1678 4661 1879 4751; x_wconf 71' lang='lat' dir='ltr'>Stoouyesct.</span> 
     </span>
     <span class='ocr_line' id='line_1_34' title="bbox 270 4743 1879 4848; baseline 0 -26"><span class='ocrx_word' id='word_1_335' title='bbox 270 4763 276 4772; x_wconf 89' lang='lat'>&#39;</span> <span class='ocrx_word' id='word_1_336' title='bbox 320 4754 517 4836; x_wconf 77' lang='lat' dir='ltr'>2llamistri,</span> <span class='ocrx_word' id='word_1_337' title='bbox 533 4757 608 4825; x_wconf 81' lang='lat' dir='ltr'>dens</span> <span class='ocrx_word' id='word_1_338' title='bbox 625 4757 669 4825; x_wconf 88' lang='lat' dir='ltr'>les</span> <span class='ocrx_word' id='word_1_339' title='bbox 685 4756 806 4844; x_wconf 66' lang='lat' dir='ltr'>Fontes.</span> <span class='ocrx_word' id='word_1_340' title='bbox 1013 4816 1016 4821; x_wconf 20' lang='lat' dir='ltr'>a</span> <span class='ocrx_word' id='word_1_341' title='bbox 1103 4761 1158 4826; x_wconf 81' lang='lat' dir='ltr'>der</span> <span class='ocrx_word' id='word_1_342' title='bbox 1181 4743 1255 4844; x_wconf 68' lang='lat' dir='ltr'>nep.</span> <span class='ocrx_word' id='word_1_343' title='bbox 1280 4756 1313 4824; x_wconf 88' lang='lat' dir='ltr'><em>V</em></span> <span class='ocrx_word' id='word_1_344' title='bbox 1313 4759 1417 4847; x_wconf 66' lang='lat' dir='ltr'>cardia</span> <span class='ocrx_word' id='word_1_345' title='bbox 1440 4775 1493 4825; x_wconf 81' lang='lat' dir='ltr'>oct</span> <span class='ocrx_word' id='word_1_346' title='bbox 1513 4779 1565 4822; x_wconf 85' lang='lat' dir='ltr'>cru</span> <span class='ocrx_word' id='word_1_347' title='bbox 1586 4773 1642 4841; x_wconf 76' lang='lat' dir='ltr'>que</span> <span class='ocrx_word' id='word_1_348' title='bbox 1657 4749 1686 4813; x_wconf 75' lang='lat' dir='ltr'>la</span> <span class='ocrx_word' id='word_1_349' title='bbox 1702 4746 1879 4848; x_wconf 56' lang='lat' dir='ltr'>dated-m</span> 
     </span>
     <span class='ocr_line' id='line_1_35' title="bbox 264 4832 1881 4983; baseline -0.004 -73"><span class='ocrx_word' id='word_1_350' title='bbox 264 4875 267 4879; x_wconf 93' lang='lat'>·</span> <span class='ocrx_word' id='word_1_351' title='bbox 308 4844 343 4911; x_wconf 55' lang='grc' dir='ltr'>7ὅ</span> <span class='ocrx_word' id='word_1_352' title='bbox 380 4843 551 4935; x_wconf 77' lang='lat' dir='ltr'>rivilegium</span> <span class='ocrx_word' id='word_1_353' title='bbox 567 4861 739 4935; x_wconf 75' lang='lat' dir='ltr'>permaneat</span> <span class='ocrx_word' id='word_1_354' title='bbox 754 4846 969 4931; x_wconf 82' lang='lat' dir='ltr'>inconcussam,</span> <span class='ocrx_word' id='word_1_355' title='bbox 985 4848 1058 4918; x_wconf 83' lang='lat' dir='ltr'>dans</span> <span class='ocrx_word' id='word_1_356' title='bbox 1103 4847 1176 4913; x_wconf 74' lang='lat' dir='ltr'>erait</span> <span class='ocrx_word' id='word_1_357' title='bbox 1203 4848 1338 4922; x_wconf 83' lang='lat' dir='ltr'>errone&#39;e,</span> <span class='ocrx_word' id='word_1_358' title='bbox 1359 4869 1447 4937; x_wconf 80' lang='lat' dir='ltr'>parce</span> <span class='ocrx_word' id='word_1_359' title='bbox 1461 4843 1568 4934; x_wconf 72' lang='lat' dir='ltr'>qn&#39;elle</span> <span class='ocrx_word' id='word_1_360' title='bbox 1584 4847 1621 4905; x_wconf 73' lang='lat' dir='ltr'>ne‘</span> <span class='ocrx_word' id='word_1_361' title='bbox 1630 4832 1805 4903; x_wconf 70' lang='lat' dir='ltr'>concodat</span> <span class='ocrx_word' id='word_1_362' title='bbox 1825 4854 1881 4983; x_wconf 59' lang='lat' dir='ltr'>fes</span> 
     </span>
     <span class='ocr_line' id='line_1_36' title="bbox 276 4920 1880 5032; baseline -0.001 -34"><span class='ocrx_word' id='word_1_363' title='bbox 276 4932 321 5011; x_wconf 79' lang='lat' dir='ltr'>les</span> <span class='ocrx_word' id='word_1_364' title='bbox 384 4944 458 4999; x_wconf 79' lang='lat' dir='ltr'>nter.</span> <span class='ocrx_word' id='word_1_365' title='bbox 602 4940 605 4945; x_wconf 83' lang='lat'>&#39;</span> <span class='ocrx_word' id='word_1_366' title='bbox 860 4937 875 5003; x_wconf 66' lang='lat' dir='ltr'><strong><em>J</em></strong></span> <span class='ocrx_word' id='word_1_367' title='bbox 928 4955 933 4960; x_wconf 85' lang='lat'><em>·</em></span> <span class='ocrx_word' id='word_1_368' title='bbox 967 4996 971 5003; x_wconf 93' lang='grc'><em>,</em></span> <span class='ocrx_word' id='word_1_369' title='bbox 1099 4944 1174 5001; x_wconf 72' lang='lat' dir='ltr'>&#39;arec</span> <span class='ocrx_word' id='word_1_370' title='bbox 1197 4933 1363 5000; x_wconf 87' lang='lat' dir='ltr'>l&#39;indiction</span> <span class='ocrx_word' id='word_1_371' title='bbox 1389 4935 1420 5012; x_wconf 80' lang='lat' dir='ltr'>lt,</span> <span class='ocrx_word' id='word_1_372' title='bbox 1443 4958 1477 5000; x_wconf 90' lang='lat' dir='ltr'>ce</span> <span class='ocrx_word' id='word_1_373' title='bbox 1500 4931 1550 5020; x_wconf 91' lang='lat' dir='ltr'>qui</span> <span class='ocrx_word' id='word_1_374' title='bbox 1572 4941 1619 4992; x_wconf 84' lang='lat' dir='ltr'>est</span> <span class='ocrx_word' id='word_1_375' title='bbox 1634 4921 1728 5032; x_wconf 51' lang='lat' dir='ltr'>erait,</span> <span class='ocrx_word' id='word_1_376' title='bbox 1742 4920 1880 5031; x_wconf 43' lang='lat'>¹⁰⁰20505³</span> 
     </span>
     <span class='ocr_line' id='line_1_37' title="bbox 319 5006 1880 5114; baseline -0.012 -27"><span class='ocrx_word' id='word_1_377' title='bbox 319 5021 345 5087; x_wconf 76' lang='lat' dir='ltr'>lt</span> <span class='ocrx_word' id='word_1_378' title='bbox 360 5020 494 5100; x_wconf 81' lang='lat' dir='ltr'>fecimus,</span> <span class='ocrx_word' id='word_1_379' title='bbox 509 5020 585 5087; x_wconf 75' lang='lat' dir='ltr'>dens</span> <span class='ocrx_word' id='word_1_380' title='bbox 600 5021 644 5090; x_wconf 88' lang='lat' dir='ltr'>les</span> <span class='ocrx_word' id='word_1_381' title='bbox 659 5023 780 5101; x_wconf 68' lang='lat' dir='ltr'>Fontes.</span> <span class='ocrx_word' id='word_1_382' title='bbox 1101 5045 1140 5088; x_wconf 89' lang='lat' dir='ltr'>on</span> <span class='ocrx_word' id='word_1_383' title='bbox 1152 5020 1215 5088; x_wconf 84' lang='lat' dir='ltr'>doit</span> <span class='ocrx_word' id='word_1_384' title='bbox 1226 5042 1260 5088; x_wconf 87' lang='lat' dir='ltr'>sn</span> <span class='ocrx_word' id='word_1_385' title='bbox 1282 5044 1368 5114; x_wconf 87' lang='lat' dir='ltr'>poser</span> <span class='ocrx_word' id='word_1_386' title='bbox 1379 5046 1437 5112; x_wconf 86' lang='lat' dir='ltr'>que</span> <span class='ocrx_word' id='word_1_387' title='bbox 1449 5023 1476 5088; x_wconf 93' lang='lat' dir='ltr'>le</span> <span class='ocrx_word' id='word_1_388' title='bbox 1487 5018 1641 5086; x_wconf 75' lang='lat' dir='ltr'>redacteur</span> <span class='ocrx_word' id='word_1_389' title='bbox 1655 5009 1694 5073; x_wconf 92' lang='lat' dir='ltr'>de</span> <span class='ocrx_word' id='word_1_390' title='bbox 1709 5006 1795 5108; x_wconf 72' lang='lat' dir='ltr'>lacte</span> <span class='ocrx_word' id='word_1_391' title='bbox 1806 5020 1880 5108; x_wconf 73' lang='lat' dir='ltr'>sest</span> 
     </span>
     <span class='ocr_line' id='line_1_38' title="bbox 323 5045 1879 5203; baseline -0.004 -27"><span class='ocrx_word' id='word_1_392' title='bbox 323 5110 347 5176; x_wconf 79' lang='lat' dir='ltr'>ll</span> <span class='ocrx_word' id='word_1_393' title='bbox 361 5123 456 5187; x_wconf 83' lang='lat' dir='ltr'>sexto,</span> <span class='ocrx_word' id='word_1_394' title='bbox 471 5108 602 5177; x_wconf 85' lang='lat' dir='ltr'>den&#39;sle&#39;s</span> <span class='ocrx_word' id='word_1_395' title='bbox 617 5112 752 5179; x_wconf 54' lang='lat' dir='ltr'>Foetes(</span> <span class='ocrx_word' id='word_1_396' title='bbox 916 5170 920 5179; x_wconf 88' lang='lat'><em>.</em></span> <span class='ocrx_word' id='word_1_397' title='bbox 951 5149 952 5152; x_wconf 34' lang='lat'>¹</span> <span class='ocrx_word' id='word_1_398' title='bbox 1104 5115 1221 5198; x_wconf 82' lang='lat' dir='ltr'>trompe&#39;</span> <span class='ocrx_word' id='word_1_399' title='bbox 1244 5045 1340 5203; x_wconf 76' lang='lat' dir='ltr'>pintdt</span> <span class='ocrx_word' id='word_1_400' title='bbox 1364 5109 1438 5177; x_wconf 84' lang='lat' dir='ltr'>dens</span> <span class='ocrx_word' id='word_1_401' title='bbox 1462 5110 1488 5173; x_wconf 94' lang='lat' dir='ltr'>le</span> <span class='ocrx_word' id='word_1_402' title='bbox 1511 5104 1622 5170; x_wconf 78' lang='lat' dir='ltr'>chiffre-</span> <span class='ocrx_word' id='word_1_403' title='bbox 1635 5095 1673 5161; x_wconf 81' lang='lat' dir='ltr'>dc</span> <span class='ocrx_word' id='word_1_404' title='bbox 1699 5092 1879 5173; x_wconf 65' lang='lat' dir='ltr'>l’rndtclwssa</span> 
     </span>
    </p>
   </div>
   <div class='ocr_carea' id='block_1_5' title="bbox 278 5180 1879 5378">
    <p class='ocr_par' dir='ltr' id='par_1_6' title="bbox 278 5180 1879 5378">
     <span class='ocr_line' id='line_1_39' title="bbox 323 5180 1879 5287; baseline -0.008 -23"><span class='ocrx_word' id='word_1_405' title='bbox 323 5197 344 5264; x_wconf 80' lang='lat' dir='ltr'>d</span> <span class='ocrx_word' id='word_1_406' title='bbox 361 5211 456 5275; x_wconf 82' lang='lat' dir='ltr'>sexto,</span> <span class='ocrx_word' id='word_1_407' title='bbox 471 5197 544 5264; x_wconf 84' lang='lat' dir='ltr'>dans</span> <span class='ocrx_word' id='word_1_408' title='bbox 561 5198 603 5264; x_wconf 89' lang='lat' dir='ltr'>les</span> <span class='ocrx_word' id='word_1_409' title='bbox 618 5199 860 5267; x_wconf 73' lang='lat' dir='ltr'>Ferrea-Les</span> <span class='ocrx_word' id='word_1_410' title='bbox 876 5216 971 5268; x_wconf 77' lang='lat' dir='ltr'>testes</span> <span class='ocrx_word' id='word_1_411' title='bbox 986 5220 1057 5267; x_wconf 86' lang='lat' dir='ltr'>msc.</span> <span class='ocrx_word' id='word_1_412' title='bbox 1101 5221 1160 5287; x_wconf 84' lang='lat' dir='ltr'>qne</span> <span class='ocrx_word' id='word_1_413' title='bbox 1182 5198 1256 5279; x_wconf 84' lang='lat' dir='ltr'>dans</span> <span class='ocrx_word' id='word_1_414' title='bbox 1270 5199 1347 5266; x_wconf 87' lang='lat' dir='ltr'>celui</span> <span class='ocrx_word' id='word_1_415' title='bbox 1362 5198 1403 5264; x_wconf 83' lang='lat' dir='ltr'>dn</span> <span class='ocrx_word' id='word_1_416' title='bbox 1417 5192 1584 5266; x_wconf 74' lang='lat' dir='ltr'>millesime,</span> <span class='ocrx_word' id='word_1_417' title='bbox 1602 5183 1655 5273; x_wconf 83' lang='lat' dir='ltr'>qui</span> <span class='ocrx_word' id='word_1_418' title='bbox 1670 5197 1715 5249; x_wconf 87' lang='lat' dir='ltr'>est</span> <span class='ocrx_word' id='word_1_419' title='bbox 1730 5180 1807 5248; x_wconf 79' lang='lat' dir='ltr'>deux</span> <span class='ocrx_word' id='word_1_420' title='bbox 1823 5181 1879 5249; x_wconf 81' lang='lat' dir='ltr'>tois</span> 
     </span>
     <span class='ocr_line' id='line_1_40' title="bbox 278 5286 1433 5378; baseline -0.004 -24"><span class='ocrx_word' id='word_1_421' title='bbox 278 5299 401 5375; x_wconf 82' lang='lat' dir='ltr'>portent</span> <span class='ocrx_word' id='word_1_422' title='bbox 414 5287 613 5377; x_wconf 80' lang='lat' dir='ltr'>touszquinto.</span> <span class='ocrx_word' id='word_1_423' title='bbox 625 5286 853 5378; x_wconf 79' lang='lat' dir='ltr'>Cependentles</span> <span class='ocrx_word' id='word_1_424' title='bbox 861 5290 991 5359; x_wconf 83' lang='lat' dir='ltr'>e&#39;ditcnrs</span> <span class='ocrx_word' id='word_1_425' title='bbox 1002 5287 1057 5356; x_wconf 88' lang='lat' dir='ltr'>des</span> <span class='ocrx_word' id='word_1_426' title='bbox 1100 5288 1234 5378; x_wconf 77' lang='lat' dir='ltr'>exprime</span> <span class='ocrx_word' id='word_1_427' title='bbox 1251 5289 1325 5354; x_wconf 87' lang='lat' dir='ltr'>dans</span> <span class='ocrx_word' id='word_1_428' title='bbox 1340 5287 1433 5353; x_wconf 80' lang='lat' dir='ltr'>l&#39;acte.</span> 
     </span>
    </p>
   </div>
   <div class='ocr_carea' id='block_1_6' title="bbox 1624 5370 1708 5452">
    <p class='ocr_par' dir='ltr' id='par_1_7' title="bbox 1624 5370 1708 5452">
     <span class='ocr_line' id='line_1_41' title="bbox 1624 5370 1708 5452; baseline 0.012 -1"><span class='ocrx_word' id='word_1_429' title='bbox 1624 5370 1708 5452; x_wconf 32' lang='lat'>{9¹</span> 
     </span>
    </p>
   </div>
   <div class='ocr_carea' id='block_1_7' title="bbox 0 0 2166 6244">
    <p class='ocr_par' dir='ltr' id='par_1_8' title="bbox 0 0 2166 6244">
     <span class='ocr_line' id='line_1_42' title="bbox 0 0 2166 6244; baseline 0 0"><span class='ocrx_word' id='word_1_430' title='bbox 0 0 2166 6244; x_wconf 95' lang='lat' dir='ltr'> </span> 
     </span>
    </p>
   </div>
  </div>
 </body>
</html>
