4306 6248
321 432 391 544 rar

264 568 470 651 molestiam
487 568 648 649 inserant
665 569 730 673 eis.
758 567 907 663 Quinto,
927 567 1022 673 quod
1040 565 1184 674 quaudo
1202 566 1334 646 Veneti
1351 567 1533 644 mustum¹
1556 567 1614 646 vel
1634 568 1758 647 vinum
1772 596 1869 649 eme-

264 674 355 767 bant
370 688 430 767 vel
449 686 660 770 vendebant
676 685 828 779 civitati,
849 686 1097 794 recipiebatur
1116 686 1160 763 ab
1179 686 1232 766 eis
1245 689 1318 792 jus,
1335 712 1400 791 pro
1419 684 1581 795 qualibet
1598 697 1727 793 vegete
1755 717 1868 769 unum

264 809 454 889 deremum
482 832 628 898 norum,
658 814 696 884 et
722 804 867 911 quando
892 813 1050 913 portent,
1080 805 1329 911 supradictum
1351 805 1412 908 jus
1439 802 1522 916 quia
1550 804 1783 886 demissimus
1802 807 1868 886 eis.

264 926 389 1020 Sexto,
419 924 515 1032 quod
543 926 604 1005 itio
624 933 710 1036 Jure
738 953 808 1032 que
836 925 973 1006 dabant
989 926 1028 1005 in
1045 922 1196 1005 civitate
1212 923 1387 1015 Tarsous,
1417 947 1483 1027 pro
1501 922 1663 1027 qualibet
1688 925 1804 1004 aalma
1830 926 1868 1005 in

263 1044 415 1125 introitu
442 1053 481 1125 et
507 1044 545 1123 in
573 1046 687 1136 exito,
708 1053 746 1123 et
764 1044 932 1122 etiam-in
951 1042 1128 1151 peliparia
1145 1041 1182 1120 iu
1203 1042 1355 1123 emendo
1384 1042 1441 1122 vei
1464 1041 1655 1123 vendendo
1682 1044 1792 1138 coria,
1822 1046 1870 1125 si·

264 1161 402 1244 militer
427 1162 467 1244 iu
492 1169 602 1269 portu
619 1160 797 1243 'farsensi
821 1160 906 1268 quia
924 1161 1155 1242 demissimus
1173 1162 1237 1243 eis.
1264 1162 1442 1269 Septimo,
1466 1163 1569 1268 ¹quod
1588 1190 1716 1245 omnes
1734 1165 1867 1247 -Veneti

264 1281 327 1388 qui
362 1280 500 1361 suerint
525 1279 658 1367 Veneti
684 1288 722 1359 et
747 1275 813 1360 tilii
838 1277 1064 1361 Venetorum
1090 1281 1229 1389 possint
1264 1307 1389 1361 emere
1422 1281 1544 1360 ianam
1575 1285 1620 1362 de
1651 1284 1866 1365 zamelotis'

262 1411 300 1481 et
329 1408 479 1508 portare
508 1408 617 1480 extra
643 1409 784 1482 terram
813 1406 977 1480 nostram
1001 1399 1061 1479 vel
1093 1426 1341 1505 quascumque
1372 1401 1636 1496 mercationes,
1668 1404 1869 1482 seeundum

264 1521 361 1627 quod
396 1519 642 1601 concessimus
678 1519 731 1598 eis
766 1518 811 1598 in.
839 1519 912 1599 alio
947 1517 1137 1625 privilegio
1164 1526 1300 1598 nostro.
1348 1518 1501 1611 Octavo,
1543 1519 1640 1624 quod
1672 1519 1762 1600 iliud
1793 1525 1870 1628 jus,

264 1637 360 1745 quud
385 1665 452 1746 pro
478 1638 574 1717 balta
601 1638 647 1717 de
674 1638 803 1745 pannis
831 1638 968 1718 dabant
998 1637 1035 1716 iu
1066 1637 1197 1742 pannis
1222 1636 1460 1728 mensuratis,
1489 1636 1644 1745 amplius
1671 1664 1746 1718 non
1782 1639 1871 1720 dent

263 1757 348 1864 quia
379 1756 610 1841 densissimus
639 1754 704 1836 eis.
732 1756 850 1851 Nono,
881 1756 977 1863 quod
1002 1782 1069 1864 per
1095 1755 1266 1847 officiales
1292 1764 1436 1837 nostros
1466 1757 1597 1838 Veneti
1628 1784 1701 1839 non
1736 1781 1872 1863 cogan-

264 1883 325 1956 tur
352 1876 400 1955 ad
425 1874 677 1981 recipiendum
695 1874 918 1956 trumentum
938 1875 996 1956 vel
1014 1875 1078 1967 sal,
1105 1900 1173 1954 neo
1192 1874 1264 1953 alia
1282 1874 1415 1981 aliqua,
1435 1901 1504 1956 nee
1522 1875 1702 1958 violenter
1729 1877 1869 1959 saciant

265 2022 329 2076 eos
347 1994 507 2102 operari.
534 1994 699 2090 Decimo,
718 1993 862 2101 quodsi
880 1994 1010 2100 aliquis
1030 1993 1173 2073 iuratus
1191 1991 1301 2074 suerit
1320 1994 1364 2074 de
1382 1993 1492 2075 rebus
1511 1996 1735 2077 Venetorum
1751 2004 1790 2077 et
1807 2024 1868 2077 re·

263 2112 429 2221 periatur
447 2113 517 2205 sur,
547 2111 712 2219 capiatur
727 2139 796 2219 per
815 2120 978 2197 nostram
1004 2112 1144 2192 curiam
1163 2119 1201 2193 et
1217 2110 1490 2210 incarceretur;
1524 2141 1584 2194 res
1602 2124 1727 2199 tamen
1745 2111 1867 2209 [orate

265 2232 469 2314 reddantur
486 2231 633 2313 domino
648 2259 727 2324 suo,
747 2232 813 2313 sed
829 2233 889 2313 ior
905 2231 1112 2314 remanebit
1129 2231 1176 2311 ad
1194 2232 1406 2337 mandatum
1433 2242 1558 2315 nostre
1585 2234 1688 2314 curie
1710 2235 1868 2340 castiga·

264 2354 400 2435 tionem
411 2354 438 2437 ³,
457 2351 554 2443 Etsi
572 2352 702 2458 aliquis
721 2351 766 2432 de
784 2352 918 2461 populo
935 2361 1061 2459 nostro
1077 2351 1136 2431 vel
1155 2352 1200 2432 de
1219 2351 1371 2433 subditis
1389 2353 1500 2433 suerit
1513 2351 1655 2433 debitor
1674 2353 1782 2434 alicui
1796 2356 1870 2436 Ve-

263 2478 351 2553 neto
369 2481 407 2553 ct
422 2480 573 2580 propter
591 2469 766 2564 debitum,
781 2473 840 2553 vet
854 2472 916 2552 det
927 2470 1192 2580 fidejussorem,
1212 2472 1274 2577 qui
1291 2481 1402 2553 exeat
1414 2481 1453 2553 et
1465 2474 1611 2579 quando
1629 2475 1766 2581 poterit
1784 2475 1870 2561 red·

263 2588 337 2673 dat.
366 2589 577 2699 Supradicti
596 2617 684 2670 vero
703 2590 834 2673 Veneti
852 2599 963 2672 erunt
979 2590 1104 2670 dilecti
1122 2602 1158 2672 et
1175 2592 1343 2672 honorati
1361 2602 1400 2674 et
1417 2594 1635 2688 conservati,
1654 2621 1813 2702 persone
1826 2601 1867 2677 et

263 2709 358 2790 bona
376 2735 507 2792 eorum
525 2738 548 2789 a
567 2720 695 2799 nostra
712 2710 813 2815 regia
831 2712 1022 2823 majestate
1045 2718 1084 2791 et
1105 2713 1277 2793 anostris
1295 2713 1508 2795 officialibus
1516 2744 1529 2808 ;
1551 2723 1588 2793 et
1606 2741 1653 2795 ex
1673 2724 1760 2797 tunc
1774 2717 1872 2821 quod

263 2859 362 2913 nunc
379 2830 501 2912 nutius
519 2830 653 2913 babeat
670 2840 891 2940 potestatem
909 2860 931 2911 a
949 2830 1051 2937 regia
1077 2839 1205 2913 nostra
1229 2836 1422 2940 rnajestate
1446 2833 1614 2928 subditis,
1632 2834 1886 2943 arnajmibus'

264 2951 320 3040 vei
338 2950 540 3049 minoribus
558 2950 741 3043 addicere,
761 2952 817 3050 vel
838 2948 1012 3030 resistere
1030 2949 1165 3031 nostris
1183 2951 1375 3043 insudatis,
1409 2953 1475 3033 sed
1499 2952 1551 3033 sic
1571 2963 1788 3035 remaneant
1802 2952 1870 3034 fir·

264 3097 325 3149 ma
342 3078 379 3150 et
397 3076 480 3149 rata
498 3068 642 3173 singula
659 3079 697 3150 et
715 3069 836 3152 ornnia
853 3068 949 3149 sicut
964 3067 1134 3175 superios
1152 3069 1404 3154 mandavimus
1427 3069 1507 3150 sine
1525 3073 1870 3155 contradictioneet

266 3186 481 3270 resistentia
498 3214 520 3264 a
538 3212 764 3295 quocumque
782 3189 937 3282 bomine,
954 3187 1052 3267 etad
1069 3187 1384 3275 consumationem
1402 3190 1561 3275 omnium
1579 3193 1874 3300 supradictorum
1891 3230 1894 3235 ¹

256 3307 499 3417 apposuimus
528 3314 567 3387 et
593 3308 830 3412 sigillavimus
849 3316 975 3405 nostre
994 3308 1093 3414 regie
1112 3309 1315 3414 maiestatis
1342 3337 1455 3396 aurea
1476 3310 1586 3394 bulla.
1614 3314 1752 3392 Datum
1778 3341 1878 3396 anno

264 3429 530 3511 incarnationis
547 3427 696 3509 Densini
714 3428 906 3512 millesimo
925 3426 1187 3511 trecentesimo
1204 3426 1391 3532 trigesimo
1408 3429 1530 3524 tertio,
1547 3440 1711 3537 etantea
1725 3457 1876 3540 eompu-

264 3549 442 3629 tationem
470 3547 612 3627 scilicet
629 3550 874 3628 Armenorum
901 3547 1224 3655 septingentesimo
1249 3551 1497 3653 octoagesimo
1519 3552 1681 3633 secundo
1691 3555 1718 3648 ⁴,
1747 3577 1876 3651 memo

267 3668 487 3764 novembris,
508 3667 567 3746 die
587 3667 740 3760 decima,
760 3667 828 3747 sub
844 3667 1085 3767 conceleratu
1100 3666 1323 3749 honorabitis
1340 3669 1410 3749 viri
1428 3671 1565 3752 domini
1583 3672 1748 3755 Joanuis.

945 3908 995 4005 ψ
1013 3904 1103 3996 Leo,
1122 3906 1369 3988 rex-omnium
1389 3909 1672 3993 Hermerotem.
1731 3963 1737 3971 .
1782 3970 1809 3985 ..

202 4205 206 4211 ·
347 4180 351 4187 '
370 4170 472 4258 [Cotto
493 4172 664 4235 chartacea
678 4173 760 4236 oitee
768 4191 827 4256 per
837 4160 950 4246 Murio,
966 4146 1069 4235 Surio
1079 4173 1129 4235 del
1136 4177 1313 4250 commas,
1328 4177 1363 4239 Τ.
1380 4172 1433 4254 IV,
1450 4199 1503 4261 pg.
1522 4180 1583 4245 157
1604 4186 1636 4244 et
1654 4182 1743 4258 suiv,
1756 4202 1814 4264 pur
1829 4182 1874 4248 8.·

264 4276 393 4356 Mortis,
407 4281 486 4342 dans
501 4277 548 4341 lea
562 4270 684 4343 Notion
697 4283 728 4342 et
740 4281 813 4340 eutr.
829 4278 881 4342 dea
893 4294 976 4351 mee,
992 4275 1029 4338 Τ.
1046 4273 1102 4351 XI,
1121 4280 1154 4341 et
1168 4295 1226 4357 per
1239 4277 1281 4340 Μ.
1298 4279 1336 4342 de
1345 4280 1546 4359 'Moe-Latrie,
1562 4286 1641 4347 dens
1667 4291 1723 4348 eon
1739 4288 1879 4354 Histoire

265 4382 315 4445 der
328 4383 489 4466 lemnae
512 4383 549 4459 dc
575 4384 701 4466 etypre,
717 4383 753 4447 T.
770 4381 825 4458 III,
840 4401 895 4464 pg.
912 4377 982 4443 ’tao
992 4385 1025 4445 et
1039 4380 1128 4457 suiv,
1144 4382 1199 4461 qui
1213 4401 1251 4445 en
1267 4402 1286 4444 e
1300 4383 1403 4450 donne
1419 4405 1479 4450 une
1493 4388 1671 4451 troductiou
1685 4389 1844 4475 abroget

932 4663 1209 4677 mun——

311 5061 327 5126 t
343 5055 390 5125 Le
405 5067 498 5141 mods,
513 5018 619 5126 cest-d
630 5059 696 5124 dire
707 5059 747 5123 do
761 5058 810 5124 riu
822 5082 879 5124 oon
891 5059 1047 5127 esromae
1137 5062 1159 5126 b
1176 5062 1248 5128 L’an
1264 5062 1330 5129 782
1344 5065 1382 5131 do
1398 5067 1470 5133 t'e're
1486 5058 1678 5138 ermenteriae
1702 5017 1876 5158 commones

310 5148 331 5213 2
347 5147 557 5226 zambeiiottis,
574 5149 647 5215 dans
663 5149 694 5213 te·
708 5148 818 5215 Codice
834 5150 1017 5216 remano·
1094 5152 1121 5216 ie
1137 5152 1180 5218 28
1196 5152 1354 5220 decembre
1367 5157 1404 5222 de
1416 5156 1530 5224 i’annde
1544 5160 1630 5226 {532
1646 5161 1683 5229 de
1699 5162 1772 5230 t'e're
1787 5165 1878 5233 chre-

309 5236 377 5302 301
394 5239 569 5328 castigetur,
585 5235 702 5331 deusde
719 5236 828 5304 Codice
845 5238 1019 5307 Treoiaorro.
1095 5242 1205 5308 tieuoe.
1850 5236 1854 5241 ⁴
