4306 6248
1628 470 1700 554 lli

848 624 859 700 .’
893 616 1016 704 ΝΜ.
1242 670 1248 680 1
1650 667 1653 672 ·
1687 655 1691 662 ¹

166 827 492 960 deceptatioapor
509 788 792 960 diaspen-lobon
808 854 860 934 du
876 802 994 960 projat
1009 855 1055 936 de
1073 801 1182 950 tinitd
1198 856 1411 971 dreesdpsr
1428 827 1535 934 lc'roi
1548 789 1749 980 He‘tbmrm,

237 1070 239 1075 .
257 1094 431 1184 [lemniae
445 1096 561 1185 Ayton,
577 1069 649 1180 opus
663 1099 726 1173 cit,
741 1098 791 1161 ch.
805 1086 925 1162 XXIII.
936 1133 982 1145 -
992 1099 1070 1165 Voir
1083 1101 1170 1163 aussi
1183 1098 1312 1176 Ssuuto,
1328 1105 1443 1183 marest
1453 1099 1504 1164 loe.
1521 1099 1589 1179 sitq
1606 1062 1757 1172 Galenus,

151 1220 195 1285 op·
211 1204 271 1280 ott,
288 1223 342 1286 pg.
361 1203 426 1268 ³82
440 1210 472 1268 et
482 1205 584 1284 euim
600 1205 686 1271 enfin
700 1204 732 1267 la
750 1204 914 1286 (danaique
927 1200 1017 1275 abac
1031 1206 1070 1268 de
1084 1205 1233 1281 vabrum,
1248 1189 1307 1268 Ed
1320 1204 1361 1269 de
1375 1200 1488 1287 Parisl.

211 1508 214 1513 -
258 1483 278 1523 s
300 1451 483 1548 Quoniam
497 1478 568 1556 rex,
579 1452 756 1534 Armenio
771 1453 818 1534 de
835 1453 1042 1559 longinquis
1059 1453 1224 1561 partibus
1241 1453 1289 1534 ad
1303 1452 1497 1560 imperium
1515 1459 1689 1540 nostrum
1696 1477 1759 1531 ve·

156 1603 175 1641 ¹·
194 1571 343 1666 binnan
358 1573 579 1681 compulsus,
600 1573 666 1654 sed
679 1575 908 1683 aue-propria
924 1562 1113 1661 voluntate
1124 1574 1149 1665 ¹,
1166 1565 1567 1677 decet'imperatoriam
1586 1574 1758 1678 maJ'csta·
1812 1578 1814 1582 ’

154 1721 174 1759 ι
194 1690 361 1769 temsuis
380 1690 704 1798 supplicationibus
721 1691 932 1800 adimplere,
951 1686 990 1772 in
1001 1691 1055 1771 bis
1069 1691 1256 1799 precipue,
1272 1717 1342 1798 que
1354 1696 1444 1780 aunt
1456 1690 1555 1785 licita
1569 1700 1607 1770 et
1624 1689 1757 1771 bones-

154 1838 173 1878 »
192 1811 242 1886 ta.
270 1800 380 1895 Vobis
398 1809 521 1915 itaque
538 1810 618 1920 regi
636 1810 806 1890 Armenia
825 1810 949 1890 taliter
961 1825 1208 1918 responsurus
1227 1837 1319 1904 sum,
1340 1809 1437 1916 quod
1451 1820 1584 1915 preces
1597 1818 1754 1901 vestras,

153 1957 172 1995 ι
193 1935 491 2032 acceptamus,‚et
504 1928 818 2009 omncssaciemus
831 1957 913 2008 cum
924 1929 1234 2036 Deibeneplacito
1247 1930 1451 2037 adimpleri,
1472 1928 1596 2009 l'rirno
1609 1927 1756 2035 quidem

154 2068 260 2148 »ego
288 2045 488 2152 imperator
507 2056 544 2127 et
561 2048 998 2145 dominus'Tartarornm,
1028 2076 1086 2131 me
1115 2049 1246 2130 faciam
1264 2048 1443 2155 baptizari
1452 2080 1463 2143 3
1491 2046 1623 2128 tenebo
1645 2047 1756 2127 fidem
1879 2138 1881 2141 ,

152 2199 171 2237 ι
192 2192 301 2273 quam
319 2172 449 2245 tenent
466 2167 571 2249 bodie
589 2168 792 2269 'Christiani
811 2178 849 2247 et
866 2168 1032 2249 omnibus
1059 2168 1139 2246 aliis
1159 2166 1225 2246 sub
1253 2195 1334 2247 mec
1356 2167 1510 2275 imperio
1533 2166 1752 2259 constitutis,

153 2321 172 2356 ι
192 2286 494 2390 consulamqnod
512 2286 755 2367 iaciant-illud
773 2289 881 2380 idem,
915 2314 988 2367 non
1007 2295 1129 2366 tamen
1147 2286 1371 2366 intendendo
1393 2287 1605 2367 violentiam
1633 2287 1756 2369 lacere

153 2438 172 2475 ι
191 2405 310 2493 alicui.
339 2405 394 2485 bd
414 2406 615 2510 secundam
636 2406 908 2514 requisitionem
926 2414 1088 2498 vestram
1108 2405 1235 2483 taliter
1252 2406 1535 2513 respondemus:
1554 2406 1639 2514 quia
1654 2405 1755 2485 volu·

155 2559 172 2594 s
193 2551 277 2604 mus
289 2524 385 2630 quod
402 2551 476 2631 pax
492 2536 670 2633 perpetua
689 2526 811 2628 vigeat
828 2525 925 2604 inter
938 2525 1114 2604 Tartarus
1129 2533 1165 2604 et
1184 2522 1423 2617 Christianos,
1444 2526 1495 2604 ita
1517 2528 1641 2607 maren
1659 2527 1755 2632 quod

153 2676 172 2714 ι
191 2669 254 2724 vos
272 2642 509 2751 principalem
525 2639 794 2751 fideijussorem
812 2643 1035 2723 constituere
1047 2642 1217 2725 debeatis
1234 2634 1331 2751 quod
1348 2645 1551 2736 Christiani
1568 2672 1700 2752 pacem
1719 2652 1757 2724 et

153 2798 172 2833 ι
192 2762 526 2869 eoncordiamerga
539 2789 617 2856 nos,
634 2764 728 2843 sicut
741 2789 808 2844 nos
822 2762 1021 2870 ergaipsos
1036 2761 1294 2842 inviolabiliter
1307 2762 1564 2864 observabunt.
1579 2758 1754 2845 Volumus

152 2915 171 2953 ι
190 2871 303 2964 etiam
319 2881 416 2986 quod
434 2909 560 2971 ornnes
590 2880 883 2961 Christianorum
909 2881 1071 2991 ecclesie·
1085 2890 1124 2961 et
1141 2882 1266 2962 elerici
1285 2883 1488 2962 Christiani
1506 2885 1756 2991 cujuscunque

152 2997 415 3088 »conditionis
441 3000 611 3093 existam,
643 3001 831 3082 seculares
861 3000 952 3105 sive³
967 3000 1153 3107 religiosi,
1172 3001 1357 3107 gaudeant
1382 2999 1619 3085 in'omnibus
1646 3002 1756 3083 terris

133 3121 309 3221 sessui
327 3117 487 3227 ‘iinperii
523 3121 712 3228 privilegio
745 3121 938 3214 libertatis
974 3111 1043 3200 nee
1078 3115 1195 3200 liceat>
1227 3118 1337 3200 alicui
1374 3121 1428 3201 eis
1456 3121 1594 3201 inferre
1624 3122 1757 3201 moles·

153 3276 172 3311 »
190 3241 279 3345 bam
303 3239 590 3346 quoquomodo.
618 3230 740 3347 Super
759 3239 976 3352 sacto-terre
995 3249 1120 3320 sancte
1139 3239 1304 3332 dicimus,
1325 3241 1497 3347 qnoniam
1511 3241 1548 3319 'si
1565 3267 1756 3347 possemus

152 3358 398 3451 acommoda,
429 3357 680 3464 personaliter
699 3357 936 3450 sonemus,
955 3398 959 3404 v
976 3358 1023 3438 ob
1053 3357 1304 3439 reverentiam
1338 3358 1488 3439 'domini
1513 3358 1630 3460 nostri
1663 3358 1757 3439 Jesu

154 3512 172 3549 ι
191 3475 341 3570 Christi.
369 3476 446 3558 Sed
472 3475 557 3582 qula
582 3476 736 3557 multum
762 3474 939 3555 babemus
952 3477 1004 3557 'in
1025 3475 1118 3558 *istis*
1136 3478 1301 3585 partibus
1323 3469 1511 3586 expedire,
1538 3478 1645 3558 fratri
1660 3469 1758 3558 nos·

152 3604 250 3675 »tro
267 3595 470 3687 llaolonol,
489 3593 718 3692 dabimn'sin-
730 3593 924 3700 mandatis,
944 3595 1040 3701 'quod
1056 3595 1250 3701 negocium
1266 3595 1375 3689 istud,
1394 3595 1488 3676 sieut
1505 3589 1623 3692 decet,
1644 3595 1755 3695 ducat

152 3745 172 3785 ι
189 3725 261 3827 per
275 3713 397 3795 omnia
415 3709 464 3806 ad
480 3711 662 3792 effectum.
689 3714 816 3794 Eruet
826 3713 926 3794 eninr
944 3714 1132 3826 civitatem
1151 3713 1384 3795 Hierusalem
1411 3722 1449 3794 et
1474 3722 1594 3826 totam·
1617 3723 1776 3794 terram

152 3865 172 3905 ι
190 3831 357 3914 sanctam
373 3832 421 3912 de
438 3830 608 3911 manibus
626 3850 865 3940 paganorum,
885 3842 924 3919 et
938 3834 1038 3912 illam
1057 3832 1230 3913 restituet
1247 3832 1477 3914 Christianis.
1505 3834 1628 3942 Super
1657 3836 1754 3915 laeto

153 3951 324 4060 »aalipbi
339 3950 386 4032 de
404 3950 577 4045 Baldack,
595 3977 661 4042 nos
678 3950 853 4066 dabimus
864 3952 902 4032 in
920 3953 1105 4033 mandatis
1123 3952 1250 4058 Baydo
1266 3953 1459 4061 capitaneo
1479 3957 1723 4035 'tartarorum
1734 3957 1752 4015 ³-

153 4104 173 4142 »
192 4070 414 4177 quisunt-in
433 4090 548 4174 regno
563 4070 739 4176 Turqnie,
760 4078 799 4149 et
816 4071 898 4152 aliis
911 4066 982 4177 que
995 4073 1095 4152 circa
1108 4072 1193 4156 illas
1204 4071 1373 4177 regiones
1392 4065 1753 4177 inveniubtur,quod

157 4226 176 4261 ι
195 4184 323 4272 omnes
340 4189 488 4302 obedire
506 4188 665 4271 debeant
678 4183 783 4278 fratri
797 4189 932 4283 nostro,
948 4198 986 4271 ct
998 4192 1166 4284 volumus
1184 4191 1280 4295 quod
1294 4191 1370 4303 ipse
1385 4191 1552 4278 destruat
1569 4189 1761 4297 calipbnm

201 4485 217 4550 l
237 4471 320 4550 C’est
334 4507 391 4549 nnc
403 4484 527 4551 allusion
540 4489 576 4548 au
590 4485 704 4574 voyage
716 4509 772 4574 qne
785 4453 936 4550 llc'tboum
979 4481 1193 4569 chroniqueurs
1209 4479 1357 4568 Gniragos
1373 4498 1402 4546 ot
1422 4480 1579 4558 Malacbie,
1594 4497 1624 4547 et
1641 4482 1757 4549 l'bisto-
1896 4537 1898 4541 ,

156 4573 301 4664 entreprit
317 4588 347 4638 et
363 4570 437 4660 qn'il
451 4573 611 4663 accomplit
626 4596 664 4638 en
680 4573 828 4639 Tartarie.
848 4573 872 4638 ll
889 4587 935 4638 est
981 4571 1045 4635 rien
1063 4571 1187 4645 Vartan,
1208 4570 1282 4633 dont
1299 4570 1342 4636 les
1359 4586 1455 4636 textas
1470 4588 1522 4636 ont
1534 4575 1583 4637 e'td
1600 4572 1755 4660 imprimc's

156 4661 347 4751 lonpnement
358 4716 361 4720 Α
372 4662 508 4748 question
523 4726 526 4731 ,
539 4662 576 4727 de
599 4684 638 4727 ce
665 4686 779 4751 voyage
804 4663 880 4727 dans
909 4661 937 4741 la
980 4659 1131 4726 attestor
1148 4673 1179 4735 et
1193 4661 1211 4722 d
1227 4656 1350 4726 Venias.

157 4751 327 4838 Cbroniqne
342 4749 379 4814 de
392 4748 551 4837 Gniragos,
568 4750 642 4816 dans
654 4749 700 4817 les
715 4751 792 4815 deux
806 4746 958 4830 coroa
1001 4811 1005 4817 ὁ
1025 4749 1045 4813 5
1062 4748 1105 4819 Le
1130 4770 1315 4836 personnage
1337 4749 1411 4814 dont
1436 4747 1455 4812 it
1478 4748 1526 4812 ‘est
1551 4747 1588 4813 ici
1618 4749 1757 4835 question

157 4860 229 4927 quea
240 4840 383 4927 syriaque
399 4854 429 4903 et
444 4839 533 4904 arabe
546 4838 586 4905 de
602 4838 749 4928 Gregoire
764 4838 937 4904 Abonllara-
981 4837 1145 4928 n’est‘pas,
1159 4859 1276 4902 comme
1301 4860 1337 4900 on
1361 4837 1462 4904 l'avait
1488 4861 1542 4924 sup
1564 4841 1624 4912 ose,
1649 4839 1757 4902 Batou·

157 4927 197 5016 di,
212 4943 243 4993 et
258 4926 331 4993 eber
349 4925 497 5014 plusieurs
508 4928 654 4993 deris-ains
664 4924 867 5002 occidentanx,
882 4950 936 4992 no·
981 4923 1072 5001 lban,
1108 4924 1179 4991 abel
1194 4921 1257 4988 'des
1289 4924 1416 5010 'lactares
1448 4926 1489 4992 du
1522 4966 1526 4973 .
1557 4925 1641 5015 elga,
1680 4927 1757 4991 mais

157 5032 304 5082 tamarem
319 5016 392 5085 dans
412 5007 555 5092 Gaianas,
570 5017 616 5082 eb.
632 5015 937 5092 XXV,·Vincent-de
983 5014 1236 5102 Batcbon-noyan,
1282 5016 1383 5080 endral
1405 5015 1443 5081 de
1462 5015 1496 5079 ln
1504 5014 1601 5080 Perse·
1618 5037 1692 5102 pour
1714 5014 1759 5080 les

156 5103 311 5181 Beaurais,
326 5103 409 5181 Xlll‚
426 5106 479 5180 29,
506 5103 629 5181 Soanta,
645 5104 698 5182 lll,
715 5105 767 5181 lb,
783 5105 803 5171 6
818 5120 849 5171 et
864 5103 938 5169 ttai-
981 5102 1126 5193 Mangols.
1150 5103 1238 5194 (Vuis
1253 5039 1414 5194 bolenges,
1438 5104 1485 5169 cb.
1501 5102 1616 5180 XVlll,
1634 5118 1664 5168 ct
1679 5102 1709 5170 V
1709 5129 1758 5170 ar·

158 5193 619 5282 naldimdonndbdbgbd.
983 5209 1044 5267 tan,
1061 5194 1103 5257 od
1118 5217 1189 5258 uun.
1204 5182 1294 5280 691).
1540 5241 1544 5250 .
1700 5227 1718 5253 α

202 5282 497 5372 blloulaqou-lban.
524 5282 598 5350 Voir
621 5304 655 5367 ce
671 5282 873 5371 rpr’eadisent
894 5282 949 5349 les.
1247 5324 1250 5328 -
1326 5291 1329 5295 “
