4306 6248
966 752 970 757 .
1021 644 1120 777 xvi.

874 885 877 891 Ι
905 878 908 883 7
936 919 1073 1000 tooril
1096 871 1206 1003 told.
1329 873 1335 882 ·

288 1120 560 1259 conpunctimr
576 1143 640 1231 dea
656 1147 850 1254 priolldper
869 1151 1034 1250 octroydr
1050 1166 1122 1249 por
1139 1142 1191 1221 les
1207 1142 1353 1257 princes
1371 1139 1587 1242 cl'Antiocb'c
1608 1096 1687 1231 oua
1706 1150 1855 1253 Pisone.

376 1367 448 1465 [ou
462 1377 575 1459 rorgo,
591 1377 818 1449 ursmarus,
835 1381 904 1450 aa,
928 1374 963 1435 n.
980 1372 1035 1448 nr,
1059 1388 1113 1453 pa.
1130 1346 1195 1434 ari
1210 1376 1242 1435 a
1257 1372 1351 1448 aaa,
1371 1366 1512 1439 ranam
1525 1376 1666 1441 ursata
1683 1380 1806 1460 armar
1820 1379 1876 1444 rs

269 1487 346 1550 sarr.
358 1482 573 1556 -uarnon
588 1479 691 1561 aaa.
707 1482 794 1562 amp.
813 1479 911 1543 rara.
930 1478 1103 1551 irruatur„
1119 1477 1154 1537 r.
1172 1476 1210 1551 n,
1227 1477 1285 1539 001.
1303 1477 1366 1540 on
1382 1486 1414 1540 a
1428 1480 1518 1556 sua,
1534 1482 1652 1545 ursan
1669 1481 1787 1567 xxxp.

376 1670 582 1750 innomine
602 1668 718 1775 patris
732 1675 771 1745 et
784 1666 849 1746 tilii
866 1674 904 1745 et
922 1664 1071 1771 spiritus
1092 1663 1246 1773 [sanatib
1265 1669 1394 1747 Amen.
1413 1666 1550 1748 Notum
1564 1668 1614 1749 sit
1631 1671 1799 1753 omnibus
1813 1673 1877 1754 ho-

269 1793 426 1876 minibus
445 1800 519 1870 tam
536 1788 771 1895 presentibus
797 1813 906 1890 quam
934 1782 1076 1876 tuturis,
1106 1786 1202 1889 qrrod
1219 1804 1286 1887 ogo
1304 1785 1505 1891 llupinus¹,
1532 1787 1604 1868 Dei
1624 1788 1745 1893 gratia
1771 1790 1875 1897 prin·

268 1942 355 2023 ceps
372 1910 576 2005 Antiochia,
596 1907 792 1988 llaimundi
809 1904 982 2014 principis
999 1904 1107 1998 tilius,
1133 1902 1322 1985 voluntate
1349 1915 1388 1985 et
1405 1932 1586 1988 consensu
1613 1909 1759 1996 domine
1787 1909 1877 1990 Hel·

268 2037 347 2118 vise
365 2033 492 2115 uxoris
511 2057 594 2132 mee
612 2027 841 2137 principisse,
861 2052 928 2104 nec
946 2051 1020 2106 nou
1038 2032 1076 2104 et
1093 2023 1229 2103 domini
1246 2024 1395 2118 Leonis,
1422 2025 1661 2125 illustrissimi
1676 2027 1776 2134 regis
1805 2032 1878 2117 Ar,

269 2157 404 2248 menie,
423 2151 591 2242 avuncoli
608 2148 692 2243 mei,
710 2157 749 2229 et
765 2152 895 2252 rogatu
914 2144 1065 2252 piissimi
1083 2142 1219 2227 domini
1236 2145 1412 2263 lingonis,
1439 2146 1592 2228 illustris
1615 2147 1716 2253 regis
1742 2149 1875 2257 Cypri,

271 2275 346 2356 mei
370 2272 535 2364 sororii²,
564 2279 673 2377 atoue
691 2266 842 2348 oonsilio
866 2264 1054 2344 hominum
1072 2290 1250 2358 meorum,
1276 2265 1380 2358 dorm,
1408 2256 1625 2348 cmcedo'et
1642 2266 1875 2351 confirmoin

271 2400 491 2501 perpetuum
507 2388 750 2471 hereditatem
769 2383 952 2465 communi
972 2383 1201 2477 Pisanorum,
1219 2382 1303 2464 liliis
1317 2392 1357 2464 et
1369 2384 1537 2466 omuibus
1554 2385 1624 2467 illis
1641 2386 1703 2492 qui
1717 2388 1876 2470 suntuel

267 2514 366 2596 -tiunt
384 2513 429 2592 de
447 2509 584 2597 honore
602 2517 641 2588 et
651 2511 865 2614 juramento
882 2503 1113 2594 Pisauorum,
1132 2501 1298 2610 exceptis
1314 2500 1522 2585 homiuibus
1540 2506 1712 2586 omnibus·
1726 2505 1880 2614 illis-qui

272 2641 358 2715 sunt
376 2631 422 2712 de
439 2656 522 2712 meo
536 2626 751 2739 principatu
767 2621 994 2710 Antiocheno
1021 2620 1123 2702 etde
1143 2647 1225 2703 mco
1252 2621 1423 2721 dominio,
1447 2623 1511 2729 qui
1537 2650 1611 2707 non
1637 2635 1723 2709 sunt
1739 2626 1880 2722 Pisani,

271 2778 340 2833 nec
359 2749 577 2833 Pisanorum
595 2746 660 2827 tilii
679 2753 857 2849 vocantur
866 2773 879 2839 ς
894 2744 944 2822 ita
958 2741 1053 2848 quod
1071 2740 1140 2845 ipsi
1160 2741 1388 2847 nonpossint
1405 2741 1442 2821 iu
1459 2743 1599 2826 honore
1614 2748 1879 2852 atjurameuto

199 2912 204 2924 ·
272 2875 503 2964 Pisanorum,
521 2896 588 2948 noc
606 2894 736 2950 eorum
753 2865 923 2945 libertato
943 2861 1058 2968 recipi
1070 2885 1138 2941 nec
1152 2859 1283 2964 colligi,
1303 2886 1431 2941 omnes
1448 2863 1663 2944 donationes
1676 2891 1768 2970 quas
1782 2865 1879 2946 Roa-

273 3109 490 3219 principissa
509 3106 710 3198 tlntioehie,
729 3105 913 3186 dederunt
929 3108 1192 3208 prenominatis
1211 3100 1368 3192 Pisanis,
1388 3109 1429 3180 ut
1446 3100 1526 3183 illas
1543 3102 1704 3185 habeant
1720 3111 1759 3184 et
1775 3105 1877 3211 paci·

274 3231 355 3321 fiee,
382 3227 496 3307 libere
515 3234 553 3306 et
569 3227 690 3331 quiete
708 3231 872 3315 teneant,
898 3230 939 3300 et
957 3222 1094 3324 absque
1112 3217 1296 3305 calumnia
1322 3227 1360 3300 et
1378 3219 1456 3300 siue
1475 3222 1738 3313 contrarietate
1757 3224 1879 3330 aliqua

275 3350 313 3428 in
332 3354 550 3456 perpetuum
568 3344 790 3452 possideant.
819 3342 974 3446 insuper
993 3339 1097 3430 douo,
1115 3337 1276 3417 concedo
1293 3349 1332 3418 et
1350 3341 1526 3420 conbrmo
1544 3332 1763 3447 supradietis
1777 3346 1881 3426 Pisa·

275 3469 333 3549 uis
350 3467 497 3575 plenam
517 3475 554 3545 et
572 3463 726 3543 liberam
744 3461 896 3554 curiam,
924 3460 970 3540 da
988 3456 1156 3539 omuibus
1175 3457 1295 3536 causis
1313 3466 1352 3539 et
1368 3456 1544 3541 forifactis
1562 3486 1632 3565 que
1649 3461 1723 3543 dici
1734 3462 1799 3542 -vel
1818 3490 1883 3544 ex·

276 3588 427 3691 cogitari
454 3594 616 3691 possunt,
643 3609 711 3689 per
728 3590 846 3661 totum
863 3578 1108 3687 principatum
1135 3602 1257 3659 naemu
1284 3578 1378 3656 etin
1397 3577 1495 3656 omni
1521 3589 1623 3659 terra
1651 3588 1772 3686 quam,
1800 3582 1882 3662 Deo

278 3706 435 3794 volente,
462 3713 590 3808 potero
617 3700 870 3804 coitquistare3
898 3698 950 3775 ita
976 3695 1227 3801 quodaliquis
1253 3696 1606 3784 homo-Pisauorum
1624 3702 1671 3784 de
1685 3704 1885 3795 commisso

280 3824 399 3928 aliquo
419 3849 484 3900 scu
502 3820 678 3928 forifacto,
707 3821 803 3924 quod
823 3818 964 3909 iecerit,
992 3816 1060 3895 nisi
1081 3823 1222 3893 tantum
1246 3814 1290 3894 de
1310 3817 1407 3895 surto
1425 3826 1463 3895 et
1480 3816 1672 3899 homicidio
1699 3828 1737 3900 et
1763 3821 1887 3928 prodi·

280 3943 378 4022 tione
397 3949 525 4023 contra
543 3938 728 4047 propriam
746 3964 941 4046 personam
961 3963 1081 4015 meam
1101 3962 1207 4041 quam
1227 3962 1376 4015 causam
1395 3961 1479 4016 mee
1497 3938 1599 4017 curie
1617 3965 1780 4033 reservo,
1811 3967 1887 4022 non

279 4059 412 4139 debeat
430 4058 653 4163 respondere
671 4078 740 4137 nec
760 4056 938 4134 rationem
968 4055 1090 4134 iacere
1109 4055 1145 4131 in
1165 4054 1269 4132 curia
1296 4054 1463 4162 alicujus,
1490 4055 1561 4134 nisi
1579 4056 1616 4135 in
1634 4058 1737 4138 curia
1763 4059 1891 4166 predi·

279 4188 421 4283 ctorum
440 4177 658 4258 Pisauorum
686 4184 725 4255 et
751 4202 875 4255 coram
893 4173 1105 4255 vicecomite
1124 4170 1183 4252 vel
1202 4174 1364 4266 consule,
1394 4176 1596 4254 secundum
1623 4204 1711 4256 usus
1738 4205 1889 4260 eorum·

279 4299 361 4377 dem
381 4282 600 4376 Pisanorum
618 4303 656 4373 et
674 4292 972 4372 consuetudines.
1001 4291 1205 4398 Propterea
1223 4295 1317 4373 dono
1335 4293 1389 4372 eis
1407 4304 1446 4373 et
1464 4296 1623 4377 concedo
1650 4298 1781 4377 amodo
1807 4286 1888 4406 ple-

281 4445 366 4495 nam
387 4416 595 4494 libertatcm
614 4423 652 4493 et
670 4422 887 4520 perpetuam
906 4413 942 4490 in
962 4418 1037 4490 toto
1055 4412 1261 4518 principatu
1281 4439 1362 4492 meo
1377 4413 1603 4495 Antiocheno
1618 4424 1656 4496 et
1670 4443 1752 4496 meo
1770 4416 1890 4498 domi·

281 4535 341 4613 nio
360 4546 396 4612 et
416 4535 452 4611 iu
473 4542 548 4611 tota
567 4541 680 4624 terra,
709 4559 817 4636 quum
836 4531 1027 4609 habiturus
1053 4558 1134 4610 sum
1152 4558 1219 4639 per
1238 4558 1341 4625 mare
1361 4542 1398 4612 et
1415 4560 1482 4638 per
1501 4544 1652 4628 terram,
1672 4537 1828 4616 emendo
1848 4548 1891 4620 et

282 4653 485 4746 vendendo,
514 4661 550 4732 et
577 4651 732 4732 liberum
751 4651 942 4730 introitum
961 4660 998 4730 ct
1016 4649 1168 4742 exitum,
1198 4661 1237 4731 et
1260 4652 1305 4730 de
1326 4650 1493 4731 omuibus
1512 4652 1694 4734 drecturis
1716 4653 1889 4744 cabane³

327 4985 513 5082 illapinns,
536 4993 611 5071 dans
634 4993 677 5059 les
699 4992 775 5059 Ant.
798 4997 896 5079 script.
924 4992 994 5061 Itol.
1022 4990 1060 5056 de
1105 4990 1142 5054 da
1160 4992 1176 5054 t
1192 5012 1226 5056 ce
1242 4989 1361 5060 dernier
1377 5014 1413 5056 en
1431 4992 1526 5064 thob.

283 5083 436 5150 llluratori.
1149 5079 1301 5155 3Gaban,
1325 5103 1362 5146 en
1385 5083 1540 5146 armonian
1572 5087 1723 5167 lpmnpmh,
1749 5082 1894 5173 signifieg

327 5172 488 5260 2Rnupc‘n
512 5176 590 5237 avait
615 5173 721 5263 dpouse'
746 5171 774 5237 la
797 5170 857 5236 fille
880 5169 1058 5251 d’rtmauri,
1104 5167 1201 5244 dc'bld,
1218 5191 1342 5259 passage
1359 5171 1457 5238 e‘troit.
1551 5228 1557 5241 ,
1587 5221 1591 5227 .

284 5261 326 5327 roi
343 5260 380 5326 de
397 5260 527 5350 Chypre,
550 5264 629 5335 soeur
644 5261 681 5326 de
697 5257 821 5351 llugues
838 5258 878 5324 pn
892 5257 944 5347 qni
959 5261 1060 5324 soced
